% This file was created with JabRef 2.10.
% Encoding: UTF8


@Misc{mizuho2014,
  Title                    = {みずほ銀行のコールセンターがIBMの人工知能を導入する理由},

  Author                   = {ITmedia エンタープライズ},
  Note                     = {\url{http://www.itmedia.co.jp/enterprise/articles/1411/14/news042.html}（2014.11.18閲覧）}
}

@Misc{tourobo2014,
  Title                    = {ロボットは東大に入れるか},

  Author                   = {Todai Robot Project},
  Note                     = {\url{http://21robot.org/}（2015.08.18閲覧）}
}

@Misc{wolfram2014,
  Title                    = {Wolfram言語＆システム　ドキュメントセンター},

  Author                   = {Wolfram},
  Note                     = {\url{http://reference.wolfram.com/language/}（2014.11.25閲覧）}
}

@Misc{sangyou2014,
  Title                    = {我が国ものづくり産業の競争力向上への課題と対応に関する調査},

  Author                   = {経済産業省},
  Note                     = {\url{http://www.meti.go.jp/meti_lib/report/2014fy/E004105.pdf}（2015.08.10閲覧）}
}

@Book{sakakibara2010,
  Title                    = {はやわかりMathematica},
  Author                   = {榊原 進},
  Publisher                = {共立出版},
  Year                     = {2010},
  Edition                  = {6}
}

@Book{nagaoka2014,
  Title                    = {数学再入門 心に染みこむ数学の考え方},
  Author                   = {長岡亮介},
  Publisher                = {日本評論社},
  Year                     = {2014},
  Edition                  = {1}
}

@Book{nihon2011,
  Title                    = {入門Mathematica【決定版】Ver.7対応 いろいろな問題が解ける！理解できる！},
  Author                   = {日本Mathematicaユーザー会},
  Publisher                = {東京電機大学出版局},
  Year                     = {2011},
  Edition                  = {1}
}

