% This file was created with JabRef 2.9.2.
% Encoding: UTF8


@BOOK{
  bib001,
  author = {こもりまさあき and 赤間公太郎},
  edition = {改訂新版},
  title = {Webデザインの新しい教科書},
  publisher = {エムディエヌコーポレーション},
  year = {2016年},
}


@MISC{
  bib002,
  author = {Fortune Global 500},
  title = {Fortune Global 500 List 2017},
  note = {\url{http://fortune.com/global500/list/}（2017.09.15閲覧）},
}