% Encoding: UTF-8


@Misc{centos,
  Title                    = {{CentOS - Wikipedia}},
  Note                     = {\url{https://ja.wikipedia.org/wiki/CentOS}（2017.1.10閲覧）},
  Owner                    = {Wikipedia},
  Timestamp                = {2017.01.10}
}

@Misc{git,
  Title                    = {{git - Wikipedia}},
  Note                     = {\url{https://ja.wikipedia.org/wiki/Git}（2017.1.10閲覧）},
  Owner                    = {Wikipedia},
  Timestamp                = {2017.01.10}
}

@Misc{github,
  Title                    = {{GitHub}},
  Author                   = {ギットハブ・ジャパン合同会社},
  Note                     = {\url{https://github.co.jp/about/}（2017.1.10閲覧）},
  Owner                    = {{GitHub}},
  Timestamp                = {2017.01.10}
}

@Misc{linux,
  Title                    = {Linux - Wikipedia},
  Note                     = {\url{https://ja.wikipedia.org/wiki/Linux}（2017.1.10閲覧）},
  Owner                    = {Wikipedia},
  Timestamp                = {2017.01.10}
}

@Misc{oss,
  Title                    = {オープンソースソフトウェア - Wikipedia},
  Note                     = {\url{https://ja.wikipedia.org/wiki/%E3%82%AA%E3%83%BC%E3%83%97%E3%83%B3%E3%82%BD%E3%83%BC%E3%82%B9%E3%82%BD%E3%83%95%E3%83%88%E3%82%A6%E3%82%A7%E3%82%A2}（2017.1.10閲覧）},
  Owner                    = {Wikipedia},
  Timestamp                = {2017.01.10}
}

@Misc{pare,
  Title                    = {パレートの法則 - Wikipedia},
  Note                     = {\url{https://ja.wikipedia.org/wiki/%E3%83%91%E3%83%AC%E3%83%BC%E3%83%88%E3%81%AE%E6%B3%95%E5%89%87}（2017.1.10閲覧）},
  Owner                    = {Wikipedia},
  Timestamp                = {2017.01.10}
}

@Misc{shimizu2012,
  Title                    = {テストを基準にしたソフトウェア開発プロセスの調査},
  Author                   = {清水　竜吾},
  HowPublished             = {卒業論文, 千葉工業大学},
  Year                     = {2012}
}

@Misc{vagrant,
  Title                    = {Vagrant(ソフトウェア) - Wikipedia},
  Note                     = {\url{https://ja.wikipedia.org/wiki/Vagrant_(%E3%82%BD%E3%83%95%E3%83%88%E3%82%A6%E3%82%A7%E3%82%A2)}（2017.1.10閲覧）},
  Owner                    = {Wikipedia},
  Timestamp                = {2017.01.10}
}

@Misc{vbox,
  Title                    = {{VirtualBox - Wikipedia}},
  Note                     = {\url{https://ja.wikipedia.org/wiki/VirtualBox}（2017.1.10閲覧）},
  Owner                    = {Wikipedia},
  Timestamp                = {2017.01.10}
}

@Misc{version,
  Title                    = {バージョン管理システム - Wikipedia},
  Note                     = {\url{https://ja.wikipedia.org/wiki/%E3%83%90%E3%83%BC%E3%82%B8%E3%83%A7%E3%83%B3%E7%AE%A1%E7%90%86%E3%82%B7%E3%82%B9%E3%83%86%E3%83%A0}（2017.1.10閲覧）},
  Owner                    = {Wikipedia},
  Timestamp                = {2017.01.10}
}

