% This file was created with JabRef 2.9.2.
% Encoding: UTF8


@MISC{ミサイルのデマ画像がTwitterで拡散「北朝鮮のミサイルが見えた」,
  author = {ニュース速報Japan編集部},
  title = {ミサイルのデマ画像がTwitterで拡散「北朝鮮のミサイルが見えた」},
  note = {\url{https://breaking-news.jp/2017/08/29/034906}（2018.1.18閲覧）}
}

