% Encoding: UTF-8


@Misc{1,
  Title                    = {REDPEN?},
  Author                   = {REDPEN A document checker},
  Note                     = {\url{http://redpen.cc/}（2017.01.24閲覧）}
}

@Book{2,
  Title                    = {Web制作者のためのGitHubの教科書チームの効率を最大化する共同開発ツール},
  Author                   = {塩谷啓 and 紫竹 佑騎 and 平木 聡},
  Publisher                = {インプレス},
  Year                     = {2014}
}

@Misc{3,
  Title                    = {アプリ開発者もインフラ管理者も知っておきたいDockerの基礎知識},
  Author                   = {大瀧隆太},
  Note                     = {\url{http://www.atmarkit.co.jp/ait/articles/1405/16/news032.html}（2017.01.26閲覧）}
}

@Book{4,
  Title                    = {プログラマのためのDocker教科書},
  Author                   = {阿佐志保 and 山田祥寛},
  Publisher                = {翔泳社},
  Year                     = {2015}
}

@Book{5,
  Title                    = {アジャイル開発とスクラム},
  Author                   = {平鍋健児　and 野中郁次郎},
  Publisher                = {翔泳社},
  Year                     = {2013}
}

@Misc{6,
  Title                    = {Wecker Redpenをビルド時に実行する},
  Author                   = {Ken Sakurai},
  Note                     = {\url{https://www.monotalk.xyz/blog/execute_redpen_on_wercker/}（2017.01.24閲覧）}
}

@Misc{kubo2014,
  Title                    = {チケットを活用するオープンソースソフトウェア開発の実態調査},
  Author                   = {久保 孝樹},
  HowPublished             = {卒業論文, 千葉工業大学},
  Year                     = {2014}
}

@Book{okumura2013,
  Title                    = {\LaTeX2e 美文書作成入門},
  Author                   = {奥村 晴彦 and 黒木 裕介},
  Publisher                = {技術評論社},
  Year                     = {2013},
  Edition                  = {6}
}

@Misc{saas,
  Title                    = {これで完璧！クラウドサービスの基礎知識と利用ポイント},
  Author                   = {Norton Blog},
  Note                     = {\url{https://japan.norton.com/cloud-service-3385}（2016.9.21閲覧）},
  Owner                    = {Norton Blog},
  Timestamp                = {2015.02.02}
}

@Misc{self,
  Title                    = {自分のコードを出力するプログラム},
  Author                   = {矢吹太朗},
  Note                     = {\url{http://www.unfindable.net/article/self.html}（2012.12.01閲覧）},
  Owner                    = {yabuki},
  Timestamp                = {2014.12.18}
}

@Book{slack,
  Title                    = {Slack入門ChatOpsによるチーム開発の効率化},
  Author                   = {松下 雅和 and 小島 泰洋 and 長瀬 敦史 and 坂本 卓巳},
  Publisher                = {技術評論社},
  Year                     = {2016}
}

@Misc{vagrant,
  Title                    = {開発環境の構築・共有を簡単にするVagrant入門},
  Author                   = {前佛 雅人},
  Note                     = {\url{https://thinkit.co.jp/story/2015/03/19/5740}（2016.10.13閲覧）},
  Owner                    = {前佛 雅人},
  Timestamp                = {2016.10.13}
}

@Article{yabuki2011,
  Title                    = {{SQL}による数独の解法とクエリオプティマイザの有効性},
  Author                   = {矢吹太朗 and 佐久田博司},
  Journal                  = {日本データベース学会論文誌},
  Year                     = {2010},
  Number                   = {2},
  Pages                    = {13--18},
  Volume                   = {9},
  Organization             = {日本データベース学会}
}

@InProceedings{yabuki2013,
  Title                    = {知識体系のエリア自動抽出のためのユニット分類手法},
  Author                   = {矢吹太朗 and 増永良文 and 森田武史 and 石田博之},
  Booktitle                = {第5回データ工学と情報マネジメントに関するフォーラム（DEIM2013）},
  Year                     = {2013},
  Organization             = {電子情報通信学会データ工学研究専門委員会, 日本データベース学会, 情報処理学会データベースシステム研究会}
}

