% Encoding: UTF-8


@Misc{a,
  Title                    = {Twitter犯罪自慢の構造 「内輪のルール」が優先される空間},
  Author                   = {塚越健司},
  Note                     = {http://wedge.ismedia.jp/articles/-/3179?page=2},
  Year                     = {2015-12-9}
}

