% This file was created with JabRef 2.9.2.
% Encoding: UTF8

@book{ BB17030175,
  author    = "川上, 量生",
  title     = "ネットが生んだ文化(カルチャー) : 誰もが表現者の時代",
  publisher = "KADOKAWA",
  year      = "2014",
  series    = "角川インターネット講座",
  number    = "04",
  URL       = "http://ci.nii.ac.jp/ncid/BB17030175"
}