% This file was created with JabRef 2.9.2.
% Encoding: UTF8



@BOOK{ohtsuka2014,
  title = {GitHub 実践入門 Pull Request による開発の変革},
  publisher = {技術評論社},
  year = {2014},
  author = {大塚 弘記},
}


@MISC{onodera2015,
  author = {小野寺 航己},
  title = {バージョン管理システムを活用するソフトウェア開発の開発フロー},
  howpublished = {卒業論文，千葉工業大学},
  year = {2015},
}

@BOOK{ikeda2014,
  title = {チーム開発実践入門〜共同作業を円滑に行うツール・メソッド},
  publisher = {技術評論社},
  year = {2014},
  author = {池田尚史 and 藤倉和明 and 井上史彰},
}

@BOOK{takeuti2005,
  title = {はじめてのS-PLUS/R言語プログラミング—例題で学ぶS-PLUS/R言語の基本},
  publisher = {オーム社},
  year = {2005},
  author = {竹内 俊彦},
}


@MISC{harada2014,
  author = {harada4atsushi},
  title = {GitHub FlowでPull Requestベースな開発フローの進め方},
  note = {\url{http://qiita.com/harada4atsushi/items/527d5f98320d993b3072}（2015.10.03閲覧）},
  timestamp = {2014.08.03}
}

@MISC{matsuda2015,
  author = {松田 航},
  title = {システム開発の質を高めるバージョン管理ツールとは？},
  note = {\url{http://www.linuxacademy.ne.jp/lablog/programmer/319/}（2016.01.22閲覧）},
  timestamp = {2015.06.08}
}

@MISC{Sytse2014,
  author = {Sytse Sijbrandij},
  title  ={970万人の開発者を擁するGitHubが「ギットハブ・ジャパン」を始動、法人向けでマクニカが販売},
  note = {\url{http://jp.techcrunch.com/2015/06/04/github-launches-the-first-branch-in-japan/}（2015.10.05閲覧）},
  timestamp = {2015.06.04}
}


@MISC{Nishimura2015,
  author = {Ken Nishimura},
  title  ={GitLab flowから学ぶワークフローの実践},
  note = {\url{http://postd.cc/gitlab-flow/}（2016.01.22閲覧）},
  timestamp = {2014.10.22}
}

@MISC{hayaishi2014,
  author = {hayaishi},
  title = {LINE iOSアプリ開発についてのご紹介},
  note = {\url{http://developers.linecorp.com/blog/?p=2921}（2015.10.03閲覧）},
  timestamp = {2014.04.21}
}

@MISC{nonoshita2015-1,
  author = {野々下 裕子},
  title = {GitHub共同創業者が和歌山県庁を表敬訪問し知事と対談},
  note = {\url{http://japan.cnet.com/news/business/35075525/}（2016.01.22閲覧）},
  timestamp = {2015.12.25}
}

@MISC{nonoshita2015-2,
  author = {野々下 裕子},
  title = {初心者から参加できるGitHub習得イベント「GitHub Patchwork」が神戸で開催},
  note = {\url{http://japan.cnet.com/news/business/35075265/}（2016.01.22閲覧）},
  timestamp = {2015.12.21}
}

@MISC{kachi2015,
  author = {可知 豊},
  title = {アップルがSwiftのOSS化で狙うもの--GitHubで企業とコミュニティーの連携が進む},
  note = {\url{http://japan.zdnet.com/article/35075308/}（2016.01.22閲覧）},
  timestamp = {2015.12.22}
}


@MISC{Charlie2016,
  author = {Charlie Osborne},
  title = {GitHubのサポート体制にユーザーが苦情--「完全に無視されている」},
  note = {\url{http://japan.zdnet.com/article/35076469/}（2016.01.22閲覧）},
  timestamp = {2016.01.20}
}

