% This file was created with JabRef 2.9.2.
% Encoding: UTF8

@BOOK{bib001,
  title = {ネットを支えるオープンソース},
  publisher = {角川学芸出版},
  year = {2014},
  author = {まつもとゆきひろ},
  edition = {1}
}

