% This file was created with JabRef 2.9.2.
% Encoding: UTF8

@MISC{twitter,
  author = {THE HUFFINGTON POST},
  title = {Twitterが国内ユーザー数を初公表「増加率は世界一」},
  note = {\url{http://www.huffingtonpost.jp/2016/02/18/twitter-japan_n_9260630.html}（2016.06.30閲覧）},
  owner = {iwahashi},
  timestamp = {2016.06.30}
}

@BOOK{kondou2015,
  title = {ネットコミュニティの設計と力},
  publisher = {角川学芸出版},
  year = {2015},
  author = {近藤　淳也},
  edition = {05}
}

@ARTICLE{soturon2014,
  author = {井上　乃佑},
  title = {Twitterにおけるユーザープロフィールと拡散力の関係分析},
  howpublished = {卒業論文, 千葉工業大学},
  year = {2014}
}