% This file was created with JabRef 2.9.2.
% Encoding: UTF8


@BOOK{netto,
  title = {新ネットワーク思考},
  publisher = {NHK出版},
  year = {2002},
  author = {アルバート＝ラズロ・バラバシ}
}

@BOOK{netto2,
  title = {ネットワーク科学},
  publisher = {丸善出版},
  year = {2015},
  author = {グイド・カルダレリ　and　ミケーレ・カタンツァロ}
}
@BOOK{netto3,
  title = {私たちはどうつながっているのか},
  publisher = {中公新書},
  year = {2007},
  author = {増田直紀}
}
@MISC{self,
  author = {矢吹太朗},
  title = {Streaming APIで大量のつぶやきをリアルタイムに保存する方法（Python編）},
  note = {\url{http://blog.unfindable.net/archives/4257}（2018.01.15閲覧）},
  owner = {yabuki},
  timestamp = {2011.12.29}
}
@MISC{self2,
  author = {矢吹太朗},
  title = {Streaming APIで取得したつぶやきの処理方法},
  note = {\url{http://blog.unfindable.net/archives/4302}（2018.01.15閲覧）},
  owner = {yabuki},
  timestamp = {2011.12.30}
}