% This file was created with JabRef 2.9.2.
% Encoding: UTF8


@BOOK{01,
  title = {ネットを支えるオープンソース},
  publisher = {KADOKAWA},
  year = {2014},
  author = {まつもとゆきひろ 監修},
  edition = {1}
}

@MISC{02,
  author = {工藤 亮},
  title = {プロジェクトマネジメントをサポートするWebアプリケーションに関する研究},
  howpublished = {課題研究, 千葉工業大学},
  year = {2012}
}
@MISC{03,
  author = {関口 元基},
  title = {オープンソースソフトウェアプロジェクトにおけるプロジェクトマネジメントの実態調査},
  howpublished = {課題研究, 千葉工業大学},
  year = {2012}
}


