% Encoding: UTF-8


@Misc{crawler,
  Title                    = {クローラ},
  Note                     = {https://ja.wikipedia.org/wiki/%E3%82%AF%E3%83%AD%E3%83%BC%E3%83%A9},
  Year                     = {2017/01/23}
}

@Misc{keizai,
  Title                    = {株式型クラウドファンディング－改正金商法と日証協ルール},
  Note                     = {http://startupinnovators.jp/blog/194/},
  Year                     = {2016/09/20}
}

@Misc{miura,
  Title                    = {クラウドファンディングにおける成功の判別分析},
  Author                   = {三浦 泰介},
  HowPublished             = {卒業論文, 千葉工業大学},
  Year                     = {2015}
}

@Misc{rekishi,
  Title                    = {クラウドファンディングの歴史と日本のポテンシャルについて},
  Note                     = {http://thebridge.jp/2014/04/history-crowdfunding-japanese-potential},
  Year                     = {2017/01/23}
}

@Misc{shurui,
  Title                    = {クラウドファンディングの3つの種類「購入型」「寄付型」「金融型」の違いと特徴},
  Note                     = {http://anipipop.com/crowdfunding-3type/},
  Year                     = {2016/09/20}
}

@Misc{visualizing,
  Title                    = {日本の主要クラウドファンディング 累計支援額 月次推移 (積み上げグラフ)},
  Note                     = {http://visualizing.info/article/4255.html},
  Year                     = {2017/01/23}
}

@Misc{wget,
  Title                    = {ダウンロードコマンドwgetのオプション一覧(linux)},
  Note                     = {http://blog.layer8.sh/ja/2012/03/31/wget\_command/},
  Year                     = {2017/01/23}
}

@Misc{wiki,
  Title                    = {Wikipedia クラウドファンディング},
  Note                     = {https://ja.wikipedia.org/wiki/%E3%82%AF%E3%83%A9%E3%82%A6%E3%83%89%E3%83%95%E3%82%A1%E3%83%B3%E3%83%87%E3%82%A3%E3%83%B3%E3%82%B0},
  Year                     = {2017/01/23},
  Address                  = {https://ja.wikipedia.org/wiki/%E3%82%AF%E3%83%A9%E3%82%A6%E3%83%89%E3%83%95%E3%82%A1%E3%83%B3%E3%83%87%E3%82%A3%E3%83%B3%E3%82%B0}
}

