% This file was created with JabRef 2.9.2.
% Encoding: UTF8

@MISC{kubo2014,
  author = {久保 孝樹},
  title = {チケットを活用するオープンソースソフトウェア開発の実態調査},
  howpublished = {卒業論文, 千葉工業大学},
  year = {2014}
}

@BOOK{okumura2013,
  title = {\LaTeX2e 美文書作成入門},
  publisher = {技術評論社},
  year = {2013},
  author = {奥村 晴彦 and 黒木 裕介},
  edition = {6}
}

@MISC{self,
  author = {矢吹太朗},
  title = {自分のコードを出力するプログラム},
  note = {\url{http://www.unfindable.net/article/self.html}（2012.12.01閲覧）},
  owner = {yabuki},
  timestamp = {2014.12.18}
}

@ARTICLE{yabuki2011,
  author = {矢吹太朗 and 佐久田博司},
  title = {{SQL}による数独の解法とクエリオプティマイザの有効性},
  journal = {日本データベース学会論文誌},
  year = {2010},
  volume = {9},
  pages = {13--18},
  number = {2},
  organization = {日本データベース学会}
}

@INPROCEEDINGS{yabuki2013,
  author = {矢吹太朗 and 増永良文 and 森田武史 and 石田博之},
  title = {知識体系のエリア自動抽出のためのユニット分類手法},
  booktitle = {第5回データ工学と情報マネジメントに関するフォーラム（DEIM2013）},
  year = {2013},
  organization = {電子情報通信学会データ工学研究専門委員会, 日本データベース学会, 情報処理学会データベースシステム研究会}
}
