% This file was created with JabRef 2.10.
% Encoding: UTF8


@Misc{campfire,
  Title                    = {CAMPFIRE},
  Note                     = {http://camp-fire.jp/ 2014/11/11},

  Owner                    = {miura},
  Timestamp                = {2014.12.17}
}

@Misc{keizai,
  Title                    = {日本経済新聞 新興企業,ネット経由で資金集めやすく 改正金商法が成立 http://www.nikkei.com/article/DGXNASGC23001\_T20C14A5EAF000/ 2014/11/11},
  Note                     = {http://www.nikkei.com/article/DGXNASGC23001\_T20C14A5EAF000/},

  Owner                    = {miura},
  Timestamp                = {2014.12.17}
}

@Misc{makuake,
  Title                    = {Makuake},
  Note                     = {https://www.makuake.com/ 2014/11/11},

  Days                     = {2014/11/11}
}

@Misc{wiki,
  Title                    = {Wikipedia クラウドファンディング},
  Note                     = {http://ja.wikipedia.org/wiki/%E3%82%AF%E3%83%A9%E3%82%A6%E3%83%89%E3%83%95%E3%82%A1%E3%83%B3%E3%83%87%E3%82%A3%E3%83%B3%E3%82%B0 2014/11/11},

  Owner                    = {miura},
  Timestamp                = {2014.12.17}
}

