% Encoding: UTF-8


@Book{ikeda2014,
  Title                    = {チーム開発実践入門 ~共同作業を円滑に行うツール・メソッド},
  Author                   = {池田 尚史 (著), 藤倉 和明 (著), 井上 史彰 (著)},
  Editor                   = {日本印刷株式会社},
  Publisher                = {技術評論社},
  Year                     = {2014/4/16}
}

@Book{nagase2012,
  Title                    = {アジャイル概論 (アジャイルソフトウェア開発技術シリーズ・応用編)},
  Author                   = {長瀬嘉秀},
  Editor                   = {新日本印刷(株)},
  Publisher                = {東京電機大学出版局},
  Year                     = {2012/5/10}
}

