% This file was created with JabRef 2.9.2.
% Encoding: UTF8


@MISC{self,
  author = {藤井明代},
  title = {旬なテーマを深堀り♪国家戦略で認知症対策強化へ、新オレンジプラン決定},
  note = {\url{http://kabu.com/investment/igoffice/report/20150205fujii.html}（2016.12.09閲覧）},
  owner = {kato},
  timestamp = {2015.02.05}
}

@MISC{self1,
  author = {認知症ねっと},
  title = {認知症等による行方不明者3年連続で1万人越え},
  note = {\url{https://info.ninchisho.net/archives/10051}（2016.12.09閲覧）},
  owner = {kato},
  timestamp = {2016.06.20}
}