% Encoding: UTF-8


@Article{PBL,
  Title                    = {PBLにおける学習・教育到達目標の評価法},
  Author                   = {工藤一彦},
  Journal                  = {工学教育研究講演会講演論文集},
  Year                     = {2014},
  Pages                    = {240-241}
}

@Misc{PBL1,
  Title                    = {PBL（Project Based Learning）型授業 実施におけるノウハウ集},
  Author                   = {駒谷昇一 and 新誠一 and 粂野文洋 and 笹田耕一 and 小林隆志 and 松澤芳昭 and 井垣宏 and 鶴田直之 and 高橋伸弥 and 橋本浩二 and 深瀬光聡 and 内山俊郎 and 高田眞吾 and 内田勝也 and 板倉征男 and 上原哲太郎 and 岡部寿男 and 戸沢義夫},
  Month                    = {7},
  Year                     = {2011}
}

@Misc{ルーブリック評価,
  Title                    = {ルーブリック評価の例と作り方},
  Author                   = {安藤徹 and 杉岡孝紀 and 出羽孝行},
  Month                    = {8},
  Year                     = {2014}
}

