% Encoding: UTF-8


@Misc{b,
  Title                    = {データマイニング教育におけるアクティブ・ラーニングの実践},
  Author                   = {松本併太},
  HowPublished             = {卒業論文, 千葉工業大学},
  Year                     = {2015}
}

@Misc{アクティブ・ラーニング1,
  Title                    = {アクティブ・ラーニング},
  Author                   = {溝上慎一},
  Month                    = {11},
  Note                     = {\url{http://www.keinet.ne.jp/gl/10/11/kaikaku_1011.pdf}（2016.9.19閲覧）},
  Year                     = {2010}
}

@Misc{グローバル化時代に求められる高等教育の在り方について,
  Title                    = {グローバル化時代に求められる高等教育の在り方について（答申）},
  Author                   = {大学審議会},
  Month                    = {11},
  Note                     = {\url{http://www.mext.go.jp/b_menu/shingi/old_chukyo/old_daigaku_index/toushin/1315960.htm}（2016.10.10閲覧）},
  Year                     = {2000}
}

@Misc{学習指導要領,
  Title                    = {教育課程企画特別部会論点整理（案） 補足資料},
  Author                   = {文部科学省},
  Month                    = {8},
  Note                     = {\url{http://www.mext.go.jp/b_menu/shingi/chukyo/chukyo3/053/siryo/__icsFiles/afieldfile/2015/08/21/1361102_2_1.pdf#search='%E5%AD%A6%E7%BF%92%E6%8C%87%E5%B0%8E%E8%A6%81%E9%A0%98%E6%94%B9%E8%A8%82%E3%81%AE%E8%A6%96%E7%82%B9}（2016.10.11閲覧）},
  Year                     = {2015}
}

@Misc{事例,
  Title                    = {アクティブラーニング失敗事例},
  Author                   = {文部科学省},
  Note                     = {\url{https://www.nucba.ac.jp/archives/151/201507/ALshippaiJireiHandBook.pdf#search='%E3%82%A2%E3%82%AF%E3%83%86%E3%82%A3%E3%83%96%E3%83%A9%E3%83%BC%E3%83%8B%E3%83%B3%E3%82%B0+%E5%B0%8E%E5%85%A5%E4%BA%8B%E4%BE%8B}（2016.10.11閲覧）},
  Year                     = {2014}
}

@Misc{初等中等教育における教育課程の基準等の在り方について,
  Title                    = {初等中等教育における教育課程の基準等の在り方について（諮問）},
  Author                   = {中央教育審議会},
  Month                    = {11},
  Note                     = {\url{http://www.mext.go.jp/b_menu/shingi/chukyo/chukyo0/toushin/1353440.htm}（2016.10.10閲覧）},
  Year                     = {2014}
}

@Misc{中央教育審議会の定義,
  Title                    = {新たな未来を築くための大学教育の質的転換に向けて～生涯学び続け、主体的に考える力を育成する大学へ～（答申）},
  Author                   = {中央教育審議会},
  Month                    = {8},
  Note                     = {\url{http://www.mext.go.jp/component/b_menu/shingi/toushin/__icsFiles/afieldfile/2012/10/04/1325048_1.pdf}（2016.10.10閲覧）},
  Year                     = {2012}
}

