% This file was created with JabRef 2.9.2.
% Encoding: UTF8

@book{BB17693944,
  author    = "長尾, 真 and 中山, 信弘 and 名和, 小太郎 and 岡本, 真 and 萩野, 正昭 and 歌田, 明宏 and 仲俣, 暁生 and 杉本, 重雄 and 遠藤, 薫 and 吉見, 俊哉",
  title     = "デジタル時代の知識創造 : 変容する著作権",
  publisher = "KADOKAWA",
  year      = "2015",
  series    = "角川インターネット講座",
  number    = "03",
  URL       = "http://ci.nii.ac.jp/ncid/BB17693944"
}
