% This file was created with JabRef 2.10.
% Encoding: UTF8


@Book{miyake2,
  Title                    = {「みんなの意見」は案外正しい},
  Author                   = {ジェームズ・スロウィッキー},
  Publisher                = {角川文庫},
  Year                     = {2009},
  Owner                    = {miyake},
}

@Book{miyake,
  Title                    = {Rubyによるクローラー開発技法},
  Author                   = {佐々木拓郎 and るびきち},
  Publisher                = {SBクリエイティブ},
  Year                     = {2014},
    Owner                    = {miyake},
}

@MISC{asahikasei,
  author = {ウィキペディア　フリー百科事典},
  title = {旭化成　くい打ち偽装発覚},
  note = {\url{https://ja.wikipedia.org/wiki/%E6%97%AD%E5%8C%96%E6%88%90%E5%BB%BA%E6%9D%90}（2016.1.19閲覧）},
  Owner                    = {miyake}
}

@Misc{ba,
author = {Osamu HAsegawa Films},
  Title                    = {知識交換の場},
 note = {\url{http://www.osamuhasegawa.com/seci%E3%83%A2%E3%83%87%E3%83%AB/}（2015.10.19閲覧）},
  Owner                    = {miyake}
}

@Misc{bakuhatuziko,
author = {ウィキペディア　フリー百科事典},
  Title                    = {チャレンジャー号爆発事故},
 note = {\url{https://ja.wikipedia.org/wiki/%E3%83%81%E3%83%A3%E3%83%AC%E3%83%B3%E3%82%B8%E3%83%A3%E3%83%BC%E5%8F%B7%E7%88%86%E7%99%BA%E4%BA%8B%E6%95%85}（2015.10.16閲覧）},
  Owner                    = {miyake}
}

@Misc{boing,
author = {ウィキペディア　フリー百科事典},
  Title                    = {ボーイング},
 note = {\url{https://ja.wikipedia.org/wiki/%E3%83%9C%E3%83%BC%E3%82%A4%E3%83%B3%E3%82%B0}（2015.10.19閲覧）},
  Owner                    = {miyake}
}

@Misc{dagurasu,
author = {ウィキペディア　フリー百科事典},
  Title                    = {ダグラス社},
 note = {\url{https://ja.wikipedia.org/wiki/%E3%83%9E%E3%82%AF%E3%83%89%E3%83%8D%E3%83%AB%E3%83%BB%E3%83%80%E3%82%B0%E3%83%A9%E3%82%B9}（2015.10.19閲覧）},
  Owner                    = {miyake}
}

@Misc{kabu,
author = {楽天証券},
  Title                    = {株とは},
 note = {\url{https://www.rakuten-sec.co.jp/web/domestic/stock/beginner/about.html}（2015.10.19閲覧）},
  Owner                    = {miyake}
}

@Misc{kabudown,
author = {やさしい株のはじめ方},
  Title                    = {株価下がる理由},
 note = {\url{http://kabukiso.com/apply/change/down.html}（2015.10.19閲覧）},
  Owner                    = {miyake}
}

@Misc{kabuka,
author = {ウィキペディア　フリー百科事典},
  Title                    = {株価},
 note = {\url{https://ja.wikipedia.org/wiki/株価}（2015.10.13閲覧）},
  Owner                    = {miyake}
}

@Misc{kabusiki,
author = {Hatena Keyword},
  Title                    = {株式市場},
 note = {\url{http://d.hatena.ne.jp/keyword/%B3%F4%BC%B0%BB%D4%BE%EC}（2015.10.13閲覧）},
  Owner                    = {miyake}
}

@Misc{kabuup,
author = {やさしい株のはじめ方},
  Title                    = {株価上がる理由},
 note = {\url{http://kabukiso.com/apply/change/upkabu.html}（2015.10.16閲覧）},
  Owner                    = {miyake}
}

@Misc{kaisya,
author = {ウィキペディア　フリー百科事典},
  Title                    = {株式会社},
 note = {\url{https://ja.wikipedia.org/wiki/%E6%A0%AA%E5%BC%8F%E4%BC%9A%E7%A4%BE}（2015.10.16閲覧）},
  Owner                    = {miyake}
}

@Misc{kouku,
author = {ウィキペディア　フリー百科事典},
  Title                    = {東京航空交通管制システム障害},
 note = {\url{https://ja.wikipedia.org/wiki/%E9%A3%9B%E8%A1%8C%E8%A8%88%E7%94%BB%E6%83%85%E5%A0%B1%E5%87%A6%E7%90%86%E3%82%B7%E3%82%B9%E3%83%86%E3%83%A0}（2015.10.16閲覧）},
  Owner                    = {miyake}
}

@Misc{management,
author = {ウィキペディア　フリー百科事典},
  Title                    = {ナレッジマネジメント　Wikipedia　},
 note = {\url{https://ja.wikipedia.org/wiki/%E3%83%8A%E3%83%AC%E3%83%83%E3%82%B8%E3%83%9E%E3%83%8D%E3%82%B8%E3%83%A1%E3%83%B3%E3%83%88}（2015.10.13閲覧）},
  Owner                    = {miyake}
}

@Misc{nihon,
author = {ウィキペディア　フリー百科事典},
  Title                    = {日本航空123便墜落事故},
 note = {\url{https://ja.wikipedia.org/wiki/%E6%97%A5%E6%9C%AC%E8%88%AA%E7%A9%BA123%E4%BE%BF%E5%A2%9C%E8%90%BD%E4%BA%8B%E6%95%85}（2015.10.16閲覧）},
  Owner                    = {miyake}
}

@Misc{nihondenki,
author = {ウィキペディア　フリー百科事典},
  Title                    = {日本電気},
 note = {\url{https://ja.wikipedia.org/wiki/%E6%97%A5%E6%9C%AC%E9%9B%BB%E6%B0%97}（2015.10.16閲覧）},
  Owner                    = {miyake}
}

@Misc{oracle,
author = {窓の杜},
  Title                    = {Oracle VM VirtualBox },
 note = {\url{http://www.forest.impress.co.jp/library/software/virtualbox/}（2016.01.11閲覧）},
  Owner                    = {miyake}
}

@Misc{ruby,
author = {ウィキペディア　フリー百科事典},
  Title                    = {Ruby},
 note = {\url{https://ja.wikipedia.org/wiki/Ruby}（2015.10.13閲覧）},
  Owner                    = {miyake}
}

@Misc{saiokoru,
author = {ウィキペディア　フリー百科事典},
  Title                    = {サイオコール社},
 note = {\url{https://ja.wikipedia.org/wiki/ATK%E3%83%A9%E3%83%B3%E3%83%81%E3%83%BB%E3%82%B7%E3%82%B9%E3%83%86%E3%83%A0%E3%82%BA%E3%83%BB%E3%82%B0%E3%83%AB%E3%83%BC%E3%83%97}（2015.10.13閲覧）},
  Owner                    = {miyake}
}

@Misc{tokutyou,
author = {Ubuntu Japanese },
  Title                    = {Ubuntuの特徴},
 note = {\url{https://www.ubuntulinux.jp/ubuntu/features}（2016.01.13閲覧）},
  Owner                    = {miyake}
}

@Misc{toruko,
author = {ウィキペディア　フリー百科事典},
  Title                    = {トルコ航空DC-10パリ墜落事故　Wikipedia },
 note = {\url{https://ja.wikipedia.org/wiki/%E3%83%88%E3%83%AB%E3%82%B3%E8%88%AA%E7%A9%BADC-10%E3%83%91%E3%83%AA%E5%A2%9C%E8%90%BD%E4%BA%8B%E6%95%85}（2015.10.16閲覧）},
  Owner                    = {miyake}
}

@Misc{ubuntu,
author = {Linux初心者入門講座},
  Title                    = {Ubuntuとは},
 note = {\url{http://linux.pgtop.net/category/7315601-1.html}（2016.01.13閲覧）},
  Owner                    = {miyake}
}

