% This file was created with JabRef 2.9.2.
% Encoding: UTF8

% This file was created with JabRef 2.9.2.
% Encoding: UTF8

@article{01,
author="千葉祥太郎",
title="開発現場でホントに役立つツール(第1回)バージョン管理ツール「Git」 ソースコードは個人で管理 柔軟にワークフローを構築",
journal="日経systems",
ISSN="1881-1620",
publisher="日経BP社",
year="2014",
month="apr",
volume="",
number="252",
pages="92-97",
URL="http://ci.nii.ac.jp/naid/40020026451/",
DOI="",
}

@MISC{02,
  author = {岩城俊介},
  title = {GitHubがダウン、「ぜんぶ○○のせいだ」のような惨状　今後の課題も},
  note = {\url{http://breaking-news.jp/2016/01/28/022573}（2016.06.29閲覧）},
  owner = {},
  timestamp = {2016.1.28}
}

@article{03,
author="鳥海不二夫",
title="Twitter上のビッグデータ収集と分析",
journal="組織科学",
ISSN="0286-9713",
publisher="特定非営利活動法人 組織学会",
year="2015",
month="",
volume="48",
number="4",
pages="47-59",
URL="http://ci.nii.ac.jp/naid/130005144620/",
DOI="10.11207/soshikikagaku.48.4_47",
}
