% Encoding: UTF-8


@Misc{a,
  Author                   = {TakahikoIto},
  Title                    = {RedPen1.9ドキュメント},
  Note                     = {\url{http://redpen.cc/docs/latest/index_ja.html}(2017.9.20閲覧)},
}

@Misc{b,
  Author                   = {TakahiroYoshimura and OkadaHaruki and TakahiroIto},
  Title                    = {RedPen a document checker},
  Note                     = {\url{https://github.com/redpen-cc}(2017.9.20閲覧)},
}

@Book{c,
  Author                   = {伊藤敬彦 and 吉村孝広},
  Edition                  = {初版},
  Title                    = {ドキュメント作成システム構築ガイド},
  Publisher                = {技術評論社},
  Year                     = {2016年4月},
}


