% This file was created with JabRef 2.10.
% Encoding: UTF8


@Misc{keizai2014,
  Title                    = {電子商取引実態調査},

  Author                   = {経済産業省},
  Note                     = {\url{http://www.meti.go.jp/policy/it_policy/statistics/outlook/H25_summary.pdf}(2014/11時点)}
}

@Misc{yamazawa2006,
  Title                    = {Amazonレビュー文の有用性判別実験},

  Author                   = {山澤 美由起 and 吉村 宏樹 and 増市 博},
  Note                     = {\url{http://ci.nii.ac.jp/naid/110004824227}(2014/11時点)}
}

@Book{sugasaka2003,
  Title                    = {eビジネスの理論と応用},
  Author                   = {菅坂 玉美 and 横尾 真 and 寺野 隆雄 and 山口 高平},
  Publisher                = {東京電機大学},
  Year                     = {2003},
  Edition                  = {1},

  Pages                    = {3--5}
}

@Book{hattori2011,
  Title                    = {Amazonランキングの謎を解く},
  Author                   = {服部哲弥},
  Publisher                = {化学同人},
  Year                     = {2011},
  Edition                  = {1}
}

@Book{pmbok2013,
  Title                    = {プロジェクトマネジメント知識体系ガイド(PMBOKガイド)},
  Publisher                = {project Management Institute, Inc 14 Campus Boulevard },
  Year                     = {2013},
  Edition                  = {5},

  Pages                    = {247}
}

