% Encoding: UTF-8


@Book{a,
  Title                    = {2015年学生生活アンケート(報告書)},
  Author                   = {鈴木進他},
  Editor                   = {安藤雅和他},
  Publisher                = {千葉工業大学},
  Year                     = {2015}
}

