% This file was created with JabRef 2.9.2.
% Encoding: UTF8


@BOOK{otsuka2014,
  title = {GitHub実践入門 ~Pull Requestによる開発の変革},
  publisher = {技術評論社},
  year = {2014},
  author = {大塚 弘記},
}

@BOOK{ikeda2014,
  title = {チーム開発実践入門 ~共同作業を円滑に行うツール・メソッド},
  publisher = {技術評論社},
  year = {2014},
  author = {池田 尚史 and 藤倉 和明 and 井上 史彰},
}
