% This file was created with JabRef 2.9.2.
% Encoding: UTF8

@article{01,
author="千葉祥太郎",
title="開発現場でホントに役立つツール(第1回)バージョン管理ツール「Git」 ソースコードは個人で管理 柔軟にワークフローを構築",
journal="日経{SYSTEMS}",
ISSN="1881-1620",
publisher="日経BP社",
year="2014",
month="apr",
volume="",
number="252",
pages="92-97",
URL="http://ci.nii.ac.jp/naid/40020026451/",
DOI="",
}

@MISC{02,
  author = {岩城俊介，＠IT},
  title = {GitHubがダウン、「ぜんぶ○○のせいだ」のような惨状　今後の課題も},
  note = {\url{http://www.atmarkit.co.jp/ait/articles/1601/28/news126.html}（2016.06.29閲覧）},
}

@MISC{slack,
  author = {MASKIN},
  title = {チャットサービスSlackが一時ダウン、接続障害で全ユーザーがログイン不能に　\#slackdown},
  note = {\url{https://techwave.jp/archives/slack-goes-down-all-service-disabled.html}（2017.11.02閲覧）},
}

@article{03,
author="邱, 起仁 and 櫨山, 淳雄",
title="ニュース記事に関連するTwitterの投稿の収集手法の提案",
journal="研究報告データベースシステム（DBS）",
ISSN="",
publisher="一般社団法人情報処理学会",
year="2013",
month="nov",
volume="2013",
number="22",
pages="1-6",
URL="https://ci.nii.ac.jp/naid/110009632341/",
DOI="",
}

@article{04,
author="鳥海不二夫",
title="Twitter上のビッグデータ収集と分析",
journal="組織科学",
ISSN="0286-9713",
publisher="特定非営利活動法人 組織学会",
year="2015",
month="",
volume="48",
number="4",
pages="47-59",
URL="http://ci.nii.ac.jp/naid/130005144620/",
DOI="10.11207/soshikikagaku.48.4_47",
}

