% This file was created with JabRef 2.9.2.
% Encoding: UTF8



@BOOK{ohtsuka2014,
  title = {GitHub 実践入門 Pull Request による開発の変革},
  publisher = {技術評論社},
  year = {2014},
  author = {大塚 弘記},
}


@MISC{onodera2015,
  author = {小野寺 航己},
  title = {バージョン管理システムを活用するソフトウェア開発の開発フロー},
  howpublished = {卒業論文，千葉工業大学},
  year = {2015},
}

@BOOK{ikeda2014,
  title = {チーム開発実践入門〜共同作業を円滑に行うツール・メソッド},
  publisher = {技術評論社},
  year = {2014},
  author = {池田尚史 and 藤倉和明 and 井上史彰},
}

@BOOK{takeuti2005,
  title = {はじめてのS-PLUS/R言語プログラミング—例題で学ぶS-PLUS/R言語の基本},
  publisher = {オーム社},
  year = {2005},
  author = {竹内 俊彦},
}


@MISC{harada2014,
  author = {harada4atsushi},
  title = {GitHub FlowでPull Requestベースな開発フローの進め方},
  note = {\url{http://qiita.com/harada4atsushi/items/527d5f98320d993b3072}（2015.10.03閲覧）},
  timestamp = {2014.08.03}
}

@MISC{Nishimura2015,
  author = {Ken Nishimura},
  title  ={970万人の開発者を擁するGitHubが「ギットハブ・ジャパン」を始動、法人向けでマクニカが販売},
  note = {\url{http://jp.techcrunch.com/2015/06/04/github-launches-the-first-branch-in-japan/}（2015.10.05閲覧）},
  timestamp = {2015.06.04}
}

@MISC{hayaishi2014,
  author = {hayaishi},
  title = {LINE iOSアプリ開発についてのご紹介},
  note = {\url{http://developers.linecorp.com/blog/?p=2921}（2015.10.03閲覧）},
  timestamp = {2014.04.21}
}

