% Encoding: UTF-8

@Misc{atom,
  title = {今注目のテキストエディタ「Atom」の使い方と便利機能まとめ},
  note  = {\url{https://blog.codecamp.jp/atom_utility#Atom}(2017.1.23)},
}

@Misc{cookie,
  author = {orteil},
  title  = {cookie clicker},
  note   = {http://orteil.dashnet.org/cookieclicker/},
}

@Misc{nikoapi,
  title = {ニコ動のランキング情報をJSONで取得してみる - yutaponのブログ},
  note  = {\url{http://yutapon.hatenablog.com/entry/2014/03/23/212838}(2016.12.02)},
}

@Misc{iii,
  title = {「niconico」の総登録会員数が5000万人を突破、プレミアム会員は250万人に},
  note  = {\url{http://internet.watch.impress.co.jp/docs/news/715314.html}(2016.9.20)},
}

@Comment{jabref-meta: databaseType:bibtex;}
