% This file was created with JabRef 2.9.2.
% Encoding: UTF8

@MISC{hakusyo,
  author = {厚生労働省},
  title = {平成28年度厚生労働白書},
  note = {\url{http://www.mhlw.go.jp/wp/hakusyo/kousei/16/dl/2-09.pdf}（2016.12.09閲覧）},
  timestamp = {2016.12.09}
}
@MISC{jinzai,
  author = {社会保障審議会福祉部会 福祉人材確保専門委員会},
  title = {介護人材の確保について},
  note = {\url{http://www.mhlw.go.jp/file/05-Shingikai-12601000-Seisakutoukatsukan-Sanjikanshitsu_Shakaihoshoutantou/0000062879.pdf}（2016.12.09閲覧）},
  timestamp = {2016.12.09}
}

@MISC{minnano,
  author = {みんなの介護},
  title = {みんなの介護 介護難民にならないために},
  note = {\url{http://www.minnanokaigo.com/guide/care-trouble/poverty/}（2016.12.09閲覧）},
  timestamp = {2016.12.09}
}