% This file was created with JabRef 2.9.2.
% Encoding: UTF8

@Misc{a,
   title                    = {{OpenCV}とは？ 最新3.0の新機能概要とモジュール構成},
   note                     = {\url{http://www.buildinsider.net/small/opencv/001}（2017.7.29閲覧）}
 }
