% This file was created with JabRef 2.9.2.
% Encoding: UTF8



@BOOK{takano2016,
  title = {検索の新地平},
  publisher = {角川学芸出版},
  year = {2016},
  author = {高野明彦},
  edition = {1}
}




%（通常はpages = {1--4}でよい）