% This file was created with JabRef 2.9.2.
% Encoding: UTF8

@MISC{a,
  title = {ネットリテラシー -インターネット用語辞典- | {OCN}},
  note  = {http://www.ocn.ne.jp/support/words/na-line/83l83b83g838A83e838983V815B.html}（2018.1.23閲覧）}
 }



