% This file was created with JabRef 2.9.2.
% Encoding: UTF8

@MISC{sns,
  author = {IT Communications},
  title = {いま使える、SNS広告とは? 世界一やさしいデジタルマーケティング基礎},
  note = {\url{https://www.it-comm.co.jp/media/201605101500.html}（2016.12.02閲覧）},
  owner = {iwahashi},
  timestamp = {2016.12.02}
}

@MISC{twitter,
  author = {THE HUFFINGTON POST},
  title = {Twitterが国内ユーザー数を初公表「増加率は世界一」},
  note = {\url{http://www.huffingtonpost.jp/2016/02/18/twitter-japan_n_9260630.html}（2016.06.30閲覧）},
  owner = {iwahashi},
  timestamp = {2016.06.30}
}