% Encoding: UTF-8

@Misc{hatena-history,
  author = {株式会社はてな},
  title  = {沿革‐株式会社はてな},
  note   = {http://hatenacorp.jp/information/history},
  url    = {http://hatenacorp.jp/information/history},
}

@Misc{hatena-info,
  author = {株式会社はてな},
  title  = {会社情報‐株式会社はてな},
  note   = {http://hatenacorp.jp/information/},
  url    = {http://hatenacorp.jp/information/},
}

@Misc{hatena-help,
  author = {株式会社はてな},
  title  = {はてなブックマークヘルプ},
  note   = {http://b.hatena.ne.jp/help/entry/about},
  url    = {http://b.hatena.ne.jp/help/entry/about},
}

@Misc{hatena-future,
  author = {株式会社はてな},
  title  = {はてなブックマーク3つの特徴},
  note   = {http://b.hatena.ne.jp/help/entry/feature},
  url    = {http://b.hatena.ne.jp/help/entry/feature},
}

@Misc{hatena-develop,
  author = {株式会社はてな},
  title  = {はてなブックマークのAPI},
  note   = {http://b.hatena.ne.jp/help/entry/api},
  url    = {http://b.hatena.ne.jp/help/entry/api},
}

@Book{yahoo-topic,
  title     = {ヤフー・トピックスの作り方},
  publisher = {光文社},
  year      = {2010},
  author    = {奥村倫弘},
}

@Misc{vb,
  author = {Oracle},
  title  = {Oracle VM VirtualBox},
  note   = {https://www.virtualbox.org/},
  url    = {https://www.virtualbox.org/},
}

@Misc{hatena-api,
  author = {株式会社はてな},
  title  = {はてなブックマークエントリー情報取得API},
  note   = {http://developer.hatena.ne.jp/ja/documents/bookmark/apis/getinfo},
  url    = {http://developer.hatena.ne.jp/ja/documents/bookmark/apis/getinfo},
}

@Misc{hatena-3,
  author = {株式会社はてな},
  title  = {はてなブックマーク3つの特徴},
  note   = {http://b.hatena.ne.jp/guide},
}

@Comment{jabref-meta: databaseType:bibtex;}
