% Encoding: UTF-8


@Misc{fami,
  Title                    = {週刊ファミ通},
  Author                   = {ファミ通編集部},
  HowPublished             = {エンターブレイン},
  Year                     = {2003},
  Editor                   = {ファミ通編集部},
  Publisher                = {エンターブレイン}
}

@Misc{review,
  Title                    = {PS2ゲームどうなの？｜ゲームレビュー - JOKO.JPへ},
  Note                     = {\url{http://www.joko.jp/ps2/}(参照2015-11-20)}
}

@Misc{wiki,
  Title                    = {PlayStation 2のゲームタイトル一覧 (2003年)},
  HowPublished             = {Wikipedia},
  Note                     = {\url{https://ja.wikipedia.org/wiki/PlayStation\_2のゲーム一覧\_(2003)}(参照2015-10-15)}
}

