% This file was created with JabRef 2.10.
% Encoding: UTF8


@Book{miyake2,
  Title                    = {「みんなの意見」は案外正しい},
  Author                   = {ジェームズ・スロウィッキー},
  Publisher                = {角川文庫},
  Year                     = {2009},

  Owner                    = {miyake},
  Timestamp                = {2015.10.13}
}

@Book{miyake,
  Title                    = {Rubyによるクローラー開発技術},
  Author                   = {佐々木拓郎},
  Publisher                = {SBクリエイティブ},
  Year                     = {2014}
}

@Misc{ba,
  Title                    = {知識交換の場　Osamu HAsegawa Films http://www.osamuhasegawa.com/seci%E3%83%A2%E3%83%87%E3%83%AB/},

  Owner                    = {miyake},
  Timestamp                = {2015.10.16}
}

@Misc{bakuhatuziko,
  Title                    = {チャレンジャー号爆発事故　Wikipedia　https://ja.wikipedia.org/wiki/%E3%83%81%E3%83%A3%E3%83%AC%E3%83%B3%E3%82%B8%E3%83%A3%E3%83%BC%E5%8F%B7%E7%88%86%E7%99%BA%E4%BA%8B%E6%95%85},

  Owner                    = {miyake},
  Timestamp                = {2015.10.16}
}

@Misc{boing,
  Title                    = {ボーイング　Wikipedia　https://ja.wikipedia.org/wiki/%E3%83%9C%E3%83%BC%E3%82%A4%E3%83%B3%E3%82%B0},

  Owner                    = {miyake},
  Timestamp                = {2015.10.17}
}

@Misc{dagurasu,
  Title                    = {ダグラス社　Wikipedia　https://ja.wikipedia.org/wiki/%E3%83%9E%E3%82%AF%E3%83%89%E3%83%8D%E3%83%AB%E3%83%BB%E3%83%80%E3%82%B0%E3%83%A9%E3%82%B9},

  Owner                    = {miyake},
  Timestamp                = {2015.10.17}
}

@Misc{kabu,
  Title                    = {株とは　楽天証券　https://www.rakuten-sec.co.jp/web/domestic/stock/beginner/about.html},

  Owner                    = {miyake},
  Timestamp                = {2015.10.16}
}

@Misc{kabudown,
  Title                    = {株価下がる理由　やさしい株のはじめ方　http://kabukiso.com/apply/change/down.html},

  Owner                    = {miyake},
  Timestamp                = {2015.10.16}
}

@Misc{kabuka,
  Title                    = {株価　Wikipedia　https://ja.wikipedia.org/wiki/株価},

  Owner                    = {miyake},
  Timestamp                = {2015.10.13}
}

@Misc{kabusiki,
  Title                    = {株式市場　Hatena Keyword　http://d.hatena.ne.jp/keyword/%B3%F4%BC%B0%BB%D4%BE%EC},

  Owner                    = {miyake},
  Timestamp                = {2015.10.13}
}

@Misc{kabuup,
  Title                    = {株価上がる理由　やさしい株のはじめ方　http://kabukiso.com/apply/change/upkabu.html},

  Owner                    = {miyake},
  Timestamp                = {2015.10.16}
}

@Misc{kaisya,
  Title                    = {株式会社　Wikipedia https://ja.wikipedia.org/wiki/%E6%A0%AA%E5%BC%8F%E4%BC%9A%E7%A4%BE},

  Owner                    = {miyake},
  Timestamp                = {2015.10.16}
}

@Misc{kouku,
  Title                    = {東京航空交通管制システム障害　Wikipedia https://ja.wikipedia.org/wiki/%E9%A3%9B%E8%A1%8C%E8%A8%88%E7%94%BB%E6%83%85%E5%A0%B1%E5%87%A6%E7%90%86%E3%82%B7%E3%82%B9%E3%83%86%E3%83%A0},

  Owner                    = {miyake},
  Timestamp                = {2015.10.16}
}

@Misc{management,
  Title                    = {ナレッジマネジメント　Wikipedia　https://ja.wikipedia.org/wiki/%E3%83%8A%E3%83%AC%E3%83%83%E3%82%B8%E3%83%9E%E3%83%8D%E3%82%B8%E3%83%A1%E3%83%B3%E3%83%88},

  Owner                    = {miyake},
  Timestamp                = {2015.10.13}
}

@Misc{nihon,
  Title                    = {日本航空123便墜落事故　Wikipedia　https://ja.wikipedia.org/wiki/%E6%97%A5%E6%9C%AC%E8%88%AA%E7%A9%BA123%E4%BE%BF%E5%A2%9C%E8%90%BD%E4%BA%8B%E6%95%85},

  Owner                    = {miyake},
  Timestamp                = {2015.10.16}
}

@Misc{nihondenki,
  Title                    = {日本電気　Wikipedia　https://ja.wikipedia.org/wiki/%E6%97%A5%E6%9C%AC%E9%9B%BB%E6%B0%97},

  Owner                    = {miyake},
  Timestamp                = {2015.10.17}
}

@Misc{ruby,
  Title                    = {Ruby Wikipedia　https://ja.wikipedia.org/wiki/Ruby},

  Owner                    = {miyake},
  Timestamp                = {2015.10.13}
}

@Misc{saiokoru,
  Title                    = {サイオコール社　Wikipedia　https://ja.wikipedia.org/wiki/ATK%E3%83%A9%E3%83%B3%E3%83%81%E3%83%BB%E3%82%B7%E3%82%B9%E3%83%86%E3%83%A0%E3%82%BA%E3%83%BB%E3%82%B0%E3%83%AB%E3%83%BC%E3%83%97},

  Owner                    = {miyake},
  Timestamp                = {2015.10.17}
}

@Misc{toruko,
  Title                    = {トルコ航空DC-10パリ墜落事故　Wikipedia https://ja.wikipedia.org/wiki/%E3%83%88%E3%83%AB%E3%82%B3%E8%88%AA%E7%A9%BADC-10%E3%83%91%E3%83%AA%E5%A2%9C%E8%90%BD%E4%BA%8B%E6%95%85},

  Owner                    = {miyake},
  Timestamp                = {2015.10.16}
}

