% This file was created with JabRef 2.9.2.
% Encoding: UTF8
 
 
 @BOOK{bib001,
   title = {角川インターネット講座05 ネットコミュニティの設計と力 つながる私たちの時代},
   publisher = {角川学芸出版},
   year = {2015},
   author = {近藤淳也},
   edition = {1}
 }