% Encoding: UTF-8


@Book{a,
  Title                    = {ネット炎上の研究},
  Author                   = {田中辰雄　and 山口真一},
  Publisher                = {勁草書房},
  Year                     = {2016}
}

@Misc{b,
  author = {総務省},
  title  = {第 2 部 {ICT} が拓く未来社会},
  note   = {\url{http://www.soumu.go.jp/johotsusintokei/whitepaper/ja/h27/html/nc242210.html}(2016.09.22閲覧)},
}

@Comment{jabref-meta: databaseType:bibtex;}
