% This file was created with JabRef 2.9.2.
% Encoding: UTF8

@book{ BB17030175,
  author    = "川上, 量生 and ばるぼら and 佐々木, 俊尚 and 小野, ほりでい and 荻上, チキ and 伊藤, 昌亮 and 山田, 奨治 and 仲正, 昌樹",
  title     = "ネットが生んだ文化(カルチャー) : 誰もが表現者の時代",
  publisher = "KADOKAWA",
  year      = "2014",
  series    = "角川インターネット講座",
  number    = "04",
  URL       = "http://ci.nii.ac.jp/ncid/BB17030175"
}