% This file was created with JabRef 2.10.
% Encoding: UTF8


@Misc{tourobo,
  Title                    = {人工知能「東ロボくん」、センター試験模試で「偏差値57.8」　数学と世界史は偏差値60超え},

  Author                   = {ITmediaニュース},
  Note                     = {\url{http://www.itmedia.co.jp/news/articles/1511/16/news061.html}（2015.08.10閲覧）},

  Owner                    = {moriya},
  Timestamp                = {2016.01.07}
}

@Misc{tourobo2014,
  Title                    = {ロボットは東大に入れるか},

  Author                   = {Todai Robot Project},
  Note                     = {\url{http://21robot.org/}（2015.08.18閲覧）}
}

@Misc{wolfram2014,
  Title                    = {Wolfram言語＆システム　ドキュメントセンター},

  Author                   = {Wolfram},
  Note                     = {\url{http://reference.wolfram.com/language/}（2014.11.25閲覧）}
}

@Misc{softbank,
  Title                    = {製品情報　Pepper},

  Author                   = {ソフトバンク},
  Note                     = {\url{http://www.softbank.jp/robot/consumer/products/}(2015.09.30 閲覧)},

  Owner                    = {moriya},
  Timestamp                = {2015.10.07}
}

@Misc{sangyou2014,
  Title                    = {我が国ものづくり産業の競争力向上への課題と対応に関する調査},

  Author                   = {経済産業省},
  Note                     = {\url{http://www.meti.go.jp/meti_lib/report/2014fy/E004105.pdf}（2015.08.10閲覧）}
}

@Book{sakakibara2010,
  Title                    = {はやわかりMathematica},
  Author                   = {榊原 進},
  Publisher                = {共立出版},
  Year                     = {2010},
  Edition                  = {6}
}

@Misc{mitubisi,
  Title                    = {概要 Mathematica 製品情報},

  Author                   = {三菱ケミカルホールディングスグループ},
  Note                     = {\url{http://www.rsi.co.jp/kagaku/cs/mathematica/index.html}(2015.10.01閲覧)},

  Owner                    = {moriya},
  Timestamp                = {2015.10.07}
}

@Book{arai2014,
  Title                    = {ロボットは東大に入れるか},
  Author                   = {新井紀子},
  Publisher                = {イースト・プレス},
  Year                     = {2014},

  Owner                    = {moriya},
  Timestamp                = {2016.01.07}
}

@Book{nagaoka2014,
  Title                    = {数学再入門 心に染みこむ数学の考え方},
  Author                   = {長岡亮介},
  Publisher                = {日本評論社},
  Year                     = {2014},
  Edition                  = {1}
}

@Book{nihon2011,
  Title                    = {入門Mathematica【決定版】Ver.7対応 いろいろな問題が解ける！理解できる！},
  Author                   = {日本Mathematicaユーザー会},
  Publisher                = {東京電機大学出版局},
  Year                     = {2011},
  Edition                  = {1}
}

