% This file was created with JabRef 2.9.2.
% Encoding: UTF8



@ARTICLE{
  bib001,
  author = {酒巻隆治 and 染矢聡 and 岡本考司},
  title = {Webデザインに対する印象と記憶される情報量との関係性分析},
  journal = {日本デザイン学会研究論文集},
  year = {2008年},
  volume = {55},
  pages = {59--66},
  number = {6},
  organization = {日本デザイン学会}

}


@BOOK{
  bib002,
  author = {こもりまさあき and 赤間公太郎},
  edition = {改訂新版},
  title = {Webデザインの新しい教科書},
  publisher = {エムディエヌコーポレーション},
  year = {2016年},
}



@MISC{
  bib003,
  author = {Fortune Global 500},
  title = {Fortune Global 500 List 2017},
  note = {\url{http://fortune.com/global500/list/}（2017.09.15閲覧）},
}