% This file was created with JabRef 2.10.
% Encoding: UTF8


@Article{kisei,
  Title                    = {わが国のクラウドファンディング規制の現状},
  Author                   = {松尾 順介},
  Journal                  = {証研レポート},
  Year                     = {2015},

  Month                    = {jun},
  Number                   = {1690},
  Pages                    = {1-19},

  ISSN                     = {0388-5356},
  Owner                    = {miura},
  Publisher                = {日本証券経済研究所大阪研究所},
  Timestamp                = {2016.01.07},
  Url                      = {http://ci.nii.ac.jp/naid/40020507264/}
}

@Article{kaihatu,
  Title                    = {クラウドファンディングを活用した新製品開発},
  Author                   = {西山 恵太},
  Journal                  = {NRIパブリックマネジメントレビュー},
  Year                     = {2015},

  Month                    = {mar},
  Pages                    = {8-13},
  Volume                   = {140},

  Publisher                = {野村総合研究所},
  Url                      = {http://ci.nii.ac.jp/naid/40020389006/}
}

@Book{date,
  Title                    = {データマイニング入門},
  Author                   = {豊田 秀樹},
  Publisher                = {東京図書},
  Year                     = {2008/12/5},

  Owner                    = {miura},
  Timestamp                = {2016.01.07}
}

@Book{keizai,
  Title                    = {日本経済新聞 新興企業,ネット経由で資金集めやすく　改正金商法が成立 2015/09/17},

  Days                     = {2014/11/11},
  Journal                  = {http://camp-fire.jp/},
  Organization             = {日本データベース学会},
  Owner                    = {miura},
  Url                      = {http://www.nikkei.com/article/DGXNASGC23001_T20C14A5EAF000/}
}

@Booklet{wiki,
  Title                    = {Wikipedia クラウドファンディング 2015/09/17},

  Owner                    = {miura},
  Timestamp                = {2014.12.17}
}

