% This file was created with JabRef 2.9.2.
% Encoding: UTF8

% This file was created with JabRef 2.9.2.
% Encoding: UTF8

@BOOK{01,
  title = {ネットを支えるオープンソース},
  publisher = {KADOKAWA},
  year = {2014},
  author = {まつもとゆきひろ　監修},
  edition = {1}
}

@MISC{02,
  author = {岩城俊介，＠IT},
  title = {GitHubがダウン、「ぜんぶ○○のせいだ」のような惨状　今後の課題も},
  note = {\url{http://breaking-news.jp/2016/01/28/022573}（2016.06.29閲覧）},
  owner = {iwase},
  timestamp = {2016.1.28}
}

@MISC{03,
  author = {辻岡 大知},
  title = {ソーシャルメディアにおける炎上案件に関わるユーザの動向調査},
  howpublished = {課題研究, 千葉工業大学},
  year = {2015}
}

@BOOK{04,
  title = {Rubyによるクローラー開発技法},
  publisher = {SBクリエイティブ},
  year = {2014},
  author = {佐々木拓郎，るびきち},
  edition = {2}
}
