% This file was created with JabRef 2.9.2.
% Encoding: UTF8

@MISC{self,
  author = {Open Innovation},
  title = {知財活用アイディア全国大会2016},
  note = {\url{http://opi.innovations-i.com/idea/purport/}（2012.12.01閲覧）},
  owner = {kawasaki},
  timestamp = {2016}
}

@MISC{self2,
  author = {フジサンケイビジネスアイ},
  title = {「開放特許」活用へ中小企業と連携　「さいたまモデル」始動},
  note = {\url{http://www.innovations-i.com/focus/934.html}（2012.12.01閲覧）},
  owner = {kawasaki},
  timestamp = {2013/11/12}
}
 