% This file was created with JabRef 2.9.2.

% Encoding: UTF8

@BOOK{mas,
  title = {ツイッターはもう古い！？　仲間内で楽しむＳＮＳが人気},
  publisher = {日経PC21},
  year = {2017},
  author = {武者　良太},
}

@BOOK{Mastodon,

  title = {マストドン 次世代ソーシャルメディアのすべて},

  publisher = {株式会社マイナビ出版},

  year = {2017},

  author = {小林啓倫 and コグレマサト and いしたにまさき and まつもとあつし and 堀正岳},

}
@MISC{Twitter,
  author = {矢吹太朗},
  title = {Streaming APIで大量のつぶやきをリアルタイムに保存する方法（Python編）},
  note = {\url{http://blog.unfindable.net/archives/4257}（2018.01.20閲覧）},
  owner = {yabuki},
  timestamp = {2011.12.29}
}
@MISC{Twitter1,
  author = {矢吹太朗},
  title = {Streaming APIで取得したつぶやきの処理方法},
  note = {\url{http://blog.unfindable.net/archives/4302}（2018.01.20閲覧）},
  owner = {yabuki},
  timestamp = {2011.12.30}
}