% This file was created with JabRef 2.9.2.
% Encoding: UTF8

@MISC{onodera2015,
  author = {小野寺　航己},
  title = {バージョン管理システムを活用するソフトウェア開発の開発フロー},
  howpublished = {卒業論文, 千葉工業大学},
  year = {2015}
}

@BOOK{okumura2013,
  title = {GitHub 実践入門 Pull Request による開発の変革},
  publisher = {技術評論社},
  year = {2014},
  author = {大塚　弘記},
}

@MISC{self,
  author = {矢吹太朗},
  title = {自分のコードを出力するプログラム},
  note = {\url{http://www.unfindable.net/article/self.html}（2012.12.01閲覧）},
  owner = {yabuki},
  timestamp = {2014.12.18}
}

@ARTICLE{yabuki2011,
  author = {矢吹太朗 and 佐久田博司},
  title = {{SQL}による数独の解法とクエリオプティマイザの有効性},
  journal = {日本データベース学会論文誌},
  year = {2010},
  volume = {9},
  pages = {13--18},
  number = {2},
  organization = {日本データベース学会}
}

@INPROCEEDINGS{yabuki2013,
  author = {矢吹太朗 and 増永良文 and 森田武史 and 石田博之},
  title = {知識体系のエリア自動抽出のためのユニット分類手法},
  booktitle = {第5回データ工学と情報マネジメントに関するフォーラム（DEIM2013）},
  year = {2013},
  organization = {電子情報通信学会データ工学研究専門委員会, 日本データベース学会, 情報処理学会データベースシステム研究会}
}

