% This file was created with JabRef 2.10.
% Encoding: UTF8


@Misc{koike001,
  Title                    = {成長戦略（素案）http://www.kantei.go.jp/jp/singi/keizaisaisei/skkkaigi/dai11/siryou1-1.pdf},

  Author                   = {産業競争力会議},
  Year                     = {2013}
}

@Book{koike002,
  Title                    = {「仕事のゲーム化」でやる気モードに変える : 経営に活かすゲーミフィケーションの考え方と実践事例},
  Author                   = {長尾 一洋},
  Publisher                = {実務教育出版},
  Year                     = {2013}
}

