% This file was created with JabRef 2.9.2.
% Encoding: UTF8

@BOOK{01,
  title = {word2vecによる自然言語処理},
  publisher = {株式会社オライリー・ジャパン},
  year = {2017},
  author = {西尾 泰和},
  edition = {2},
}

@BOOK{02,
  title = {論理が伝わる 世界標準の「書く技術」},
  publisher = {講談社},
  year = {2012},
  author = {倉島保美}
}

@MISC{03,
  author = {日本経済新聞},
  title = {基礎的財政収支、2027年度に黒字化　諮問会議試算},
  note = {\url{https://www.nikkei.com/article/DGXLASFL23HBS_T20C18A1000000/?n_cid=SPTMG053}（2018.01.24閲覧）},,
  timestamp = {2018.1.23}
}

@MISC{04,
  author = {日本経済新聞},
  title = {17年の全国消費者物価0.5％上昇　12月は0.9％上昇},
  note = {\url{https://www.nikkei.com/article/DGXLASFL26H78_W8A120C1000000/?nf=1}（2018.01.26閲覧）},,
  timestamp = {2018.1.26}
}