% This file was created with JabRef 2.9.2.
% Encoding: UTF8

@MISC{twitter,
  author = {Social Media Lab},
  title = {2017年7月更新! 11のソーシャルメディア最新動向データまとめ},
  note = {\url{https://gaiax-socialmedialab.jp/post-30833/}(2017.09.09閲覧)},
  owner = {iwahashi},
  timestamp = {2017.09.09}
}

@MISC{dema,
  author = {ITmedia NEWS},
  title = {「熊本地震でライオン逃走」Twitterにデマ拡散の男を逮捕},
  note = {\url{http://www.itmedia.co.jp/news/articles/1607/21/news087.html}(2017.09.09閲覧)},
  owner = {iwahashi},
  timestamp = {2017.09.09}
}
