% This file was created with JabRef 2.9.2.
% Encoding: UTF8

@book{MBTI,
author="Kroeger, Otto and Thuesen, Janet M.",
jauthor="吉岡晶子",
publisher="飛鳥新社",
title="性格学入門―運命のカギをにぎる16のタイプ別性格判断",
year="1994",
month="Aug",
pages="237"
}

@article{110001230195,
author="中澤清 and 田淵純一郎",
title="24 {MBTI}に関する研究(1) : {MBTI}の概略について",
journal="日本性格心理学会大会発表論文集",
ISSN="",
publisher="日本パーソナリティ心理学会",
year="1997",
month="Dec",
volume="",
number="6",
pages="52",
URL="http://ci.nii.ac.jp/naid/110001230195/",
DOI="",
}