% Encoding: UTF-8

@Misc{iii,
  title = {「niconico」の総登録会員数が5000万人を突破、プレミアム会員は250万人に},
  note  = {\url{http://internet.watch.impress.co.jp/docs/news/715314.html}(2016.9.20)},
}

@Comment{jabref-meta: databaseType:bibtex;}
