% Encoding: UTF-8


@Misc{choco,
  Title                    = {Chocolatey - The package manager for Windows},
  Note                     = {\url{https://chocolatey.org/}（2017.1.13閲覧）}
}

@Misc{dorakue,
  Title                    = {ドラゴンクエスト - Wikipedia},
  Note                     = {\url{https://ja.wikipedia.org/wiki/ドラゴンクエスト}（2016.10.12閲覧）}
}

@Misc{R,
  Title                    = {R言語 - Wikipedia},
  Note                     = {\url{https://ja.wikipedia.org/wiki/R言語}（2016.10.13閲覧）}
}

@Misc{skyrimwiki,
  Title                    = {Skyrim Wiki JP},
  Note                     = {\url{http://wiki.skyrim.z49.org/}(参照2016-9-20)}
}

@Misc{wikimatome,
  Title                    = {無料Wiki比較 - 無料.net},
  Note                     = {\url{http://muryo.net/wiki/}（2016.10.12閲覧）}
}

