% Encoding: UTF-8


@Misc{miura,
  Title                    = {クラウドファンディングにおける成功の判別分析},
  Author                   = {三浦 泰介},
  HowPublished             = {卒業論文, 千葉工業大学},
  Year                     = {2015}
}

@Misc{visualizing,
  Title                    = {日本の主要クラウドファンディング 累計支援額 月次推移 (積み上げグラフ)},
  Author                   = {blue6},
  Note                     = {\url{http://visualizing.info/article/4255.html}},
  Year                     = {2016/09/21},
  Owner                    = {blue6}
}

@Misc{wiki,
  Title                    = {Wikipedia クラウドファンディング},
  Note                     = {\url{https://ja.wikipedia.org/wiki/%E3%82%AF%E3%83%A9%E3%82%A6%E3%83%89%E3%83%95%E3%82%A1%E3%83%B3%E3%83%87%E3%82%A3%E3%83%B3%E3%82%B0}},
  Year                     = {2016/09/20},
  Address                  = {https://ja.wikipedia.org/wiki/%E3%82%AF%E3%83%A9%E3%82%A6%E3%83%89%E3%83%95%E3%82%A1%E3%83%B3%E3%83%87%E3%82%A3%E3%83%B3%E3%82%B0}
}

