% This file was created with JabRef 2.9.2.
% Encoding: UTF8

@Misc{a,
  Author                   = {Amazon AWS},
  Title                    = {継続的インテグレーションとは？},
  Note                     = {\url{https://aws.amazon.com/jp/devops/continuous-integration/}(2018.1.18閲覧)},
}
