% Encoding: UTF-8


@Misc{a,
  Title                    = {過去の天気-Yahoo!天気},
  Month                    = dec,
  Note                     = {http://weather.yahoo.co.jp/weather/jp/past/},
  Year                     = {2015}
}

@Book{b,
  Title                    = {Rによるデータサイエンス},
  Author                   = {金　明哲},
  Publisher                = {森北出版株式会社},
  Year                     = {2007}
}

