% Encoding: UTF-8


@Misc{wiki,
  Title                    = {ウィキペディア - Wikipedia},
  Note                     = {https://ja.wikipedia.org/wiki/%E3%82%A6%E3%82%A3%E3%82%AD%E3%83%9A%E3%83%87%E3%82%A3%E3%82%A2}
}

@Book{wikirevo,
  Title                    = {ウィキペディア・レボリューション　世界最大の百科事典はいかにして生まれたか},
  Author                   = {アンドリュー・リー},
  Publisher                = {株式会社早川書房},
  Year                     = {2009}
}

