% This file was created with JabRef 2.9.2.
% Encoding: UTF8

@BOOK{KADOKAWA2015,
  title = {検索の新地平},
  publisher = {角川学芸出版},
  year = {2015},
  author = {高野明彦},
  edition = {8}
}

@BOOK{GENTOSYA2014,
  title = {弱いつながり　検索ワードを探す旅},
  publisher = {幻冬舎},
  year = {2014},
  author = {東浩紀},
  edition = {01}
}

@article{SOTURON2015,
  title = {ビックデータ処理技術を用いたWikipediaマイニング},
  journal = {千葉工業大学卒業論文2015},
  year = {2015},
  author = {石井康之},
  note = {117}
}

@misc{SITE,
  title = {30分ぐらいでAmazonの注文履歴をjavascriptの勉強をしながら取得する方法},
  Note = {\url{http://skzy.hatenablog.com/entry/2014/12/23/115831}(2016.6.29閲覧)},
  owner = {oyama}
}
  