% This file was created with JabRef 2.9.2.
% Encoding: UTF8

@MISC{kubo2014,
  author = {久保 孝樹},
  title = {チケットを活用するオープンソースソフトウェア開発の実態調査},
  howpublished = {卒業論文, 千葉工業大学},
  year = {2014}
}

@BOOK{okumura2017,
  title = {\LaTeX2e 美文書作成入門},
  publisher = {技術評論社},
  year = {2017},
  author = {奥村晴彦 and 黒木裕介},
  edition = {7},
  note = {補足：旧版を参考にしてもよい}
}

@BOOK{書く技術,
  title = {論理が伝わる世界標準の「書く技術」},
  publisher = {講談社},
  year = {2012},
  author = {倉島保美}
}

@BOOK{アイデアのつくり方,
  title = {アイデアのつくり方},
  publisher = {CCCメディアハウス},
  year = {1988},
  author = {ジェームス W. ヤング}
}

@MISC{文章チェックリスト,
  author = {矢吹研究室},
  title = {文章チェックリスト},
  note = {\url{https://github.com/yabukilab/main/wiki/文章チェックリスト}（2017.8.1閲覧）}
}

@MISC{参考文献リストの書き方,
  author = {矢吹研究室},
  title = {参考文献リストの書き方},
  note = {\url{https://github.com/yabukilab/main/wiki/参考文献リストの書き方}（2017.8.1閲覧）}
}

@ARTICLE{yabuki2011,
  author = {矢吹太朗 and 佐久田博司},
  title = {{SQL}による数独の解法とクエリオプティマイザの有効性},
  journal = {日本データベース学会論文誌},
  year = {2010},
  volume = {9},
  pages = {13--18},
  number = {2},
  organization = {日本データベース学会}
}

@INPROCEEDINGS{数式処理システムの性能評価,
  author="矢吹太朗",
  title="数学入試問題における数式処理システムの性能評価",
  booktitle="人工知能学会全国大会論文集",
  organization="人工知能学会",
  year="2014",
  volume="28",
  note={3D3-5 pp.\,1--4}
}
%（通常はpages = {1--4}でよい）