% This file was created with JabRef 2.10.
% Encoding: UTF8


@Misc{mondsi,
  Title                    = {遺伝子組み換えの何が問題？},

  Author                   = {ATJ},
  Note                     = {\url{http://altertrade.jp/alternatives/gmo/gmoreasons}},

  Owner                    = {koike},
  Timestamp                = {2015.10.08}
}

@Misc{wikiwiki,
  Title                    = {共同で記事を作成するのに最適！ウィキとは},

  Author                   = {ITソリューション\&サービスならコベルコシステム},
  Note                     = {\url{http://www.kobelcosys.co.jp/column/itwords/41/}},

  Owner                    = {koike},
  Timestamp                = {2015.10.08}
}

@Misc{idennsi,
  Title                    = {遺伝子組み換えと品種改良は違うの？},

  Author                   = {「おしえてねドットコム！」},
  Note                     = {\url{http://homepage2.nifty.com/osiete/seito266.htm}},

  Owner                    = {koike},
  Timestamp                = {2015.10.08}
}

@Misc{tomato,
  Title                    = {遺伝子組み換え食品},

  Author                   = {いばらき食の安全情報},
  Note                     = {\url{http://www.shoku.pref.ibaraki.jp/kininaru_keyword/idenshi/iden03.html}},

  Owner                    = {koike},
  Timestamp                = {2015.10.08}
}

@Misc{SPI,
  Title                    = {いまさら聞けないSPI},

  Author                   = {はませい先生のブログ},
  Note                     = {\url{http://ameblo.jp/rd-hamamoto/entry-11406400438.html}},

  Owner                    = {koike},
  Timestamp                = {2015.10.08}
}

@Misc{media,
  Title                    = {Mediawiki-Wikipedia},

  Author                   = {ウィキペディア(Wikipedia):フリー百科事典},
  Note                     = {\url{https://ja.wikipedia.org/wiki/MediaWiki}},

  Owner                    = {koike},
  Timestamp                = {2015.10.08}
}

@Misc{rensyuu,
  Title                    = {ウィキペディアチュートリアル-Wikipedia},

  Author                   = {ウィキペディア(Wikipedia):フリー百科事典},
  Note                     = {\url{https://ja.wikipedia.org/wiki/Wikipedia:%E3%83%81%E3%83%A5%E3%83%BC%E3%83%88%E3%83%AA%E3%82%A2%E3%83%AB}},

  Owner                    = {koike},
  Timestamp                = {2015.10.08}
}

@Misc{wiki,
  Title                    = {ウィキ-Wikipedia},

  Author                   = {ウィキペディア(Wikipedia):フリー百科事典},
  Note                     = {\url{https://ja.wikipedia.org/wiki/}},

  Owner                    = {koike},
  Timestamp                = {2015.10.08}
}

@Misc{wikipedia,
  Title                    = {ウィキペディア-Wikipedia},

  Author                   = {ウィキペディア(Wikipedia):フリー百科事典},
  Note                     = {\url{https://ja.wikipedia.org/wiki/%E3%82%A6%E3%82%A3%E3%82%AD%E3%83%9A%E3%83%87%E3%82%A3%E3%82%A2}},

  Owner                    = {koike},
  Timestamp                = {2015.10.08}
}

@Misc{yougo,
  Title                    = {ウィキペディア用語集-Wikipedia},

  Author                   = {ウィキペディア(Wikipedia):フリー百科事典},
  Note                     = {\url{https://ja.wikipedia.org/wiki/Wikipedia:%E3%82%.}},

  Owner                    = {koike},
  Timestamp                = {2015.10.08}
}

@Misc{nouwiki2015,
  Title                    = {農業とは-Wikipedia},

  Author                   = {ウィキペディア{Wikipedia}:フリー百科事典},
  Note                     = {\url{https://ja.wikipedia.org/wiki/%E8%BE%B2%E6%A5%AD}},

  Owner                    = {koike},
  Timestamp                = {2015.10.08}
}

@Misc{nico2015,
  Title                    = {{{MediaWiki}とは}},

  Author                   = {ニコニコ大百科},
  Note                     = {\url{http://dic.nicovideo.jp/a/mediawiki}},

  Owner                    = {koike},
  Timestamp                = {2015.09.24}
}

@Misc{kizi2015,
  Title                    = {第2段階に入る農業{IT}、複数企業・組織が連携して標準化や協業を推進},

  Author                   = {井原敏宏},
  Note                     = {\url{http://itpro.nikkeibp.co.jp/atcl/column/14/346926/032900208/?ST=system}},
  Year                     = {2015},

  Owner                    = {koike},
  Timestamp                = {2015.09.18}
}

@Misc{naikaku2014,
  Title                    = {農業情報の標準化に関する個別ガイドライン等について},

  Author                   = {内閣官房情報通信技術(IT)総合戦略室},
  Note                     = {\url{https://www.kantei.go.jp/jp/singi/it2/senmon_bunka/nougyou_guideline/siryou1.pdf}}
}

@Misc{kinoko2015,
  Title                    = {キノコの品種改良},

  Author                   = {北海道立総合研究機構 森林研究本部 林産試験場},
  Note                     = {\url{http://www.fpri.hro.or.jp/kids/seikatu/kinoko/kinoko-8.html}},

  Owner                    = {koike},
  Timestamp                = {2015.10.08}
}

@Misc{kotoba,
  Title                    = {コトバンク},

  Author                   = {朝日新聞},
  Note                     = {\url{https://kotobank.jp/}},

  Owner                    = {koike},
  Timestamp                = {2015.10.08}
}

@Misc{akikawa,
  Title                    = {「遺伝子組み換えって，そもそも，何者？」},

  Author                   = {秋川牧園},
  Note                     = {\url{https://www.akikawabokuen.com/bug-killing_corn/}},

  Owner                    = {koike},
  Timestamp                = {2015.10.08}
}

@Misc{nogyo2015,
  Title                    = {自然言語処理によるWikipediaからの上位・下位関係抽出の論文},

  Author                   = {隅田飛鳥 and 吉永直樹 and 鳥澤健太郎},
  Note                     = {\url{https://www.jstage.jst.go.jp/article/jnlp/16/3/16_3_3_3/_pdf}},
  Year                     = {2008}
}

@Misc{wiki3,
  Title                    = {Wikiでつくるかんたんホームページ.},
  Note                     = {\url{http://wiki-hp.com/wiki1-02.html}},

  Owner                    = {koike},
  Timestamp                = {2015.10.08}
}

