% This file was created with JabRef 2.10.
% Encoding: UTF8


@Misc{whatsAccessToken,
  Title                    = {Twitter APIの使い方まとめ},

  Author                   = {Yuta Arai},
  Note                     = {\url{https://syncer.jp/twitter-api-matome}（参照2015-10-07）},

  Owner                    = {yoshino},
  Timestamp                = {2015.10.07}
}

@Misc{LinuxMania,
  Title                    = {LinuxMania: VirtualBoxを使おう - Hint \& Tips (Ubuntu)},

  Author                   = {SoSO Corporation},
  Note                     = {\url{http://www.linuxmania.jp/virtualbox_02.html}（参照2015-10-05）},

  Owner                    = {yoshino},
  Timestamp                = {2015.10.06}
}

@Misc{twitterwords,
  Title                    = {ツイッター（Twitter）用語集 - ツイナビ},

  Author                   = {{Digital Garage, Inc.}},
  Note                     = {\url{http://twinavi.jp/guide/section/twitter/glossary}（参照2015-10-06）},

  Owner                    = {yoshino},
  Timestamp                = {2015.10.06}
}

@Misc{VBoxMania,
  Title                    = {用語の解説 | VirtualBox Mania},

  Author                   = {{IT Engineer Sideline}},
  Note                     = {\url{http://vboxmania.net/term}（参照2015-10-05）},

  Owner                    = {yoshino},
  Timestamp                = {2015.10.06}
}

@Misc{whatsapi,
  Title                    = {APIとは - 意味の解説｜ITトレンドのIT用語集},

  Author                   = {IT Trend},
  Note                     = {\url{http://it-trend.jp/words/api}（参照2015-10-06）},

  Owner                    = {yoshino},
  Timestamp                = {2015.10.06}
}

@Misc{twitterinc,
  Title                    = {Twitter, Inc.について | About},

  Author                   = {{Twitter, Inc}},
  Note                     = {\url{https://about.twitter.com/ja/company}（参照2016-01-24）},

  Owner                    = {yoshino},
  Timestamp                = {2016.01.24}
}

@Misc{whatstwitterapi,
  Title                    = {やってみると意外とカンタン！TwitterAPIを使ってつぶやきデータを取得してみた。 | Web制作ならWebNAUT},

  Author                   = {ディレクターF},
  Note                     = {\url{http://webnaut.jp/develop/633.html}（参照2015-10-06）},

  Owner                    = {yoshino},
  Timestamp                = {2015.10.06}
}

@Misc{whatsubuntu,
  Title                    = {Ubuntuとは (ウブントゥとは) [単語記事] - ニコニコ大百科},

  Author                   = {未来検索ブラジル},
  Note                     = {\url{http://dic.nicovideo.jp/a/ubuntu}（参照2016-01-24）},

  Owner                    = {yoshino},
  Timestamp                = {2016.01.24}
}

