% This file was created with JabRef 2.9.2.
% Encoding: UTF8

@incollection{wired,
  booktitle = {WIRED VOL.25},
  title = {ブロックチェーンは世界を変える},
  publisher = {コンデナスト・ジャパン},
  year = {2016},
  author = {北田 淳},
  pages = {54--55}
}

@MISC{touyou,
  author = {東洋経済新聞社},
  title = {フィンテックで何が起こるか知っていますか},
  note = {\url{http://toyokeizai.net/articles/-/166765}（2018.01.19閲覧）},
  owner = {東洋経済新聞社},
  timestamp = {2017.04.11}
}