% This file was created with JabRef 2.10.
% Encoding: UTF8


@Misc{self,
  Title                    = {Twitter},

  Author                   = {{Twitter, inc}},
  Note                     = {\url{https://twitter.com/?lang=ja}（2015.9.17閲覧）}
}

