% This file was created with JabRef 2.9.2.
% Encoding: UTF8

@MISC{site1,
  author = {総務省},
  title = {少子高齢化・人口減少社会},
  note = {\url{http://www.soumu.go.jp/johotsusintokei/whitepaper/ja/h24/html/nc112120.html}（2016.12.09閲覧）},
}

@MISC{site2,
  author = {実家相続介護問題研究所},
  title = {現実は厳しくなる一方の老人ホーム不足問題！},
  note = {\url{http://momenaisouzoku.net/blog/%E8%80%81%E4%BA%BA%E3%83%9B%E3%83%BC%E3%83%A0/%E7%8F%BE%E5%AE%9F%E3%81%AF%E5%8E%B3%E3%81%97%E3%81%8F%E3%81%AA%E3%82%8B%E4%B8%80%E6%96%B9%E3%81%AE%E8%80%81%E4%BA%BA%E3%83%9B%E3%83%BC%E3%83%A0%E4%B8%8D%E8%B6%B3%E5%95%8F%E9%A1%8C%EF%BC%81%E9%AB%98/}（2016.12.09閲覧）},
}

@MISC{site3,
  author = {みんなの介護},
  title = {みんなの介護ニュース},
  note = {\url{http://www.minnanokaigo.com/news/N53135246/}（2016.12.09閲覧）},
}

