% Encoding: UTF-8


@Misc{a,
  Title                    = {アクティブ・ラーニング},
  Author                   = {溝上慎一},
  Month                    = {11},
  Note                     = {\url{http://www.keinet.ne.jp/gl/10/11/kaikaku_1011.pdf}（2016.9.19閲覧）},
  Year                     = {2010}
}

@Misc{b,
  Title                    = {データマイニング教育におけるアクティブ・ラーニングの実践},
  Author                   = {松本併太},
  HowPublished             = {卒業論文, 千葉工業大学},
  Year                     = {2015}
}

