% This file was created with JabRef 2.9.2.
% Encoding: UTF8



@BOOK{
  bib001,
  author = {土屋大洋},
  series = {角川インターネット講座},
  volume = {13},
  title = {仮想戦争の終わり},
  publisher = {角川学芸出版},
  year = {2014年},
}