% Encoding: UTF-8

@Misc{b,
  author = {ネット炎上の研究},
  title  = {第 2 部 {ICT} が拓く未来社会},
  year   = {2014},
  note   = {\url{http://www.soumu.go.jp/johotsusintokei/whitepaper/ja/h27/html/nc242210.html}(2016.09.22閲覧)},
}

@Book{a,
  title     = {ネット炎上の研究},
  publisher = {勁草書房},
  year      = {2016},
  author    = {田中辰雄　and 山口真一},
}

@Misc{c,
  author = {みんなの受験記},
  title  = {VirtualBox とは？},
  note   = {\url{http://jukenki.com/contents/other/virtualbox/about-virtualbox.html}(2017.01.20閲覧)},
}

@Misc{d,
  author = {IT用語辞典 BINARY},
  title  = {OAuthとは},
  note   = {\url{http://www.sophia-it.com/content/OAuth}(2017.01.20閲覧)},
}

@Comment{jabref-meta: databaseType:bibtex;}
