% This file was created with JabRef 2.9.2.
% Encoding: UTF8


@MISC{self,
  author = {テックプログレス},
  title = {CURIOUS 海外のマインクラフト教育の事例をまとめてみた},
  note = {\url{https://t.co/JcD1uTqrxh}（2017.6.02閲覧）},
  owner = {kawasaki},
  timestamp = {2016.08.30}
}


@MISC{self2,
  author = {ギズモード編集部},
  title = {世界中の学校でマインクラフトを授業に活用。MSが情報共有サイトを公開},
  note = {\url{https://www.gizmodo.jp/2015/07/post_17538.html}（2017.6.02閲覧）},
  owner = {kawasaki},
  timestamp = {2015.07.18}
}