% This file was created with JabRef 2.9.2.
% Encoding: UTF8



@MISC{a,
    
author = {Code部},
title = {非エンジニアでも知っておくべき！　-GitとGithubの違いとは},
   
note = {\url{https://blog.codecamp.jp/git-github}(2016.09.20閲覧)},

}



@MISC{GHTorrent,
  title = {GHTorrent},
  note = {\url{http://ghtorrent.org/}（2016.09.20閲覧）},
}

