% This file was created with JabRef 2.9.2.
% Encoding: UTF8

@BOOK{bib1,
  title = {ビッグデータを開拓せよ},
  publisher = {角川学芸出版},
  year = {2015},
  author = {坂内正夫},
  edition = {1}
}

@ARTICLE{bib2,
  author = {山本 湧輝 and 熊本 忠彦 and 灘本 明代},
  title = {ツイートの感情の関係に基づく{Twitter}感情軸の決定},
  journal = {日本データベース学会論文誌},
  year = {2015},
  organization = {日本データベース学会}
}

@MISC{bib3,
  author = {辻岡大知},
  title = {ソーシャルメディアにおける炎上案件に関わるユーザの動向調査},
  howpublished = {課題研究, 千葉工業大学},
  year = {2015},
}