% This file was created with JabRef 2.9.2.
% Encoding: UTF8

@MISC{a,
  title = {Redpenを使って技術文書を気軽に校正しよう},
  note = {\url{http://gihyo.jp/lifestyle/serial/01/redpen}}
}

@MISC{b,
 title = {RedPenでお手軽文書校正},
 note = {\url{http://tech.respect-pal.jp/try-redpen/}}
}

@MISC{c,
  title = {RedPen ドキュメント},
  note = {\url{http://redpen.cc/docs/latest/index_ja.html}},
 
}

@BOOK{d,
 title = {シンプルに書く　伝わる文章術},
 publisher = {飛鳥新社},
 year = {2012}
 auther = {阿部紘久},
}



