% Encoding: UTF-8


@Misc{wiki,
  Title                    = {Skyrim Wiki JP},
  Note                     = {\url{http://wiki.skyrim.z49.org/}(参照2016-9-20)}
}

