% Encoding: UTF-8


@Misc{a,
  Title                    = {GitHub},
  Note                     = {\url{https://github.com/}(2017.01.19閲覧)}
}

@Misc{GHTorrent,
  Title                    = {{GHTorrent}},
  Note                     = {\url{http://ghtorrent.org/}（2016.09.20閲覧）}
}

