% This file was created with JabRef 2.10.
% Encoding: UTF8


@Misc{ascii,
  Title                    = {Twitter - 意味・説明・解説 : ASCII.jpデジタル用語辞典},

  Author                   = {ASCII.jp},
  Note                     = {\url{http://yougo.ascii.jp/caltar/Twitter}（参照2015-09-23）},

  Owner                    = {yoshino},
  Timestamp                = {2015.09.23}
}

@Misc{twitterinc,
  Title                    = {Twitter, Inc.について | About},

  Author                   = {{Twitter, Inc}},
  Note                     = {\url{https://about.twitter.com/ja/company}（参照2015-09-16）},

  Owner                    = {Twitter}
}

