% This file was created with JabRef 2.10.
% Encoding: UTF8


@Misc{twitterinc,
  Title                    = {Twitter, Inc.について | About},

  Author                   = {{Twitter, Inc}},
  Note                     = {\url{https://about.twitter.com/ja/company}(参照2015-09-16)},

  Owner                    = {Twitter}
}

