% This file was created with JabRef 2.10.
% Encoding: UTF8


@Booklet{inoue001,
  Author                   = {5大ソーシャルメディアのユーザー数まとめ！Facebook、Twitter、LINE、Google+、YouTube マイナビニュース http://news.mynavi.jp/news/2014/05/16/324/},
  Year                     = {参照2014-12-01},

  Edition                  = {6},
  Publisher                = {技術評論社}
}

