% This file was created with JabRef 2.9.2.
% Encoding: UTF8

@BOOK{01,
  title = {word2vecによる自然言語処理},
  publisher = {株式会社オライリー・ジャパン},
  year = {2017},
  author = {西尾 泰和},
  edition = {2},
}

@BOOK{02,
  title = {論理が伝わる 世界標準の「書く技術」},
  publisher = {講談社},
  year = {2012},
  author = {倉島保美}
}

