% This file was created with JabRef 2.10.
% Encoding: UTF8


@Misc{Ubuntu2015,
  Title                    = {Ubuntuとは},

  Author                   = {Ubuntu Japanese Team.},
  Note                     = {\url{https://www.ubuntulinux.jp/ubuntu}(2015/10時点)}
}

@Misc{keizai2014,
  Title                    = {電子商取引実態調査},

  Author                   = {経済産業省},
  Note                     = {\url{http://www.meti.go.jp/policy/it_policy/statistics/outlook/H25_summary.pdf}(2014/11時点)}
}

@Book{sasakitakurou2014,
  Title                    = {Rubyによるクローラー開発技法},
  Author                   = {佐々木卓郎},
  Year                     = {2014},
  Edition                  = {2},

  Pages                    = {2}
}

@article{yamazawa2006,
	author="山澤美由起 and 吉村宏樹 and 増市博",
	title="Amazonレビュー文の有用性判別実験",
	journal="情報処理学会研究報告自然言語処理（NL）",
	ISSN="09196072",
	publisher="一般社団法人情報処理学会",
	year="2006",
	month="may",
	volume="2006",
	number="53",
	pages="15-20",
	URL="http://ci.nii.ac.jp/naid/110004824227/",
	DOI="",
}

@Book{sugasaka2003,
  Title                    = {eビジネスの理論と応用},
  Author                   = {菅坂 玉美 and 横尾 真 and 寺野 隆雄 and 山口 高平},
  Publisher                = {東京電機大学},
  Year                     = {2003},
  Edition                  = {1},

  Pages                    = {3--5}
}

@Misc{shopcenter,
  Title                    = {日本におけるショッピングセンターの定義},

  Author                   = {日本ショッピングセンター協会},
  Note                     = {\url{http://www.jcsc.or.jp/}(2016/10時点)},

  Owner                    = {saito},
  Timestamp                = {2015.10.22}
}

@Book{hattori2011,
  Title                    = {Amazonランキングの謎を解く},
  Author                   = {服部哲弥},
  Publisher                = {化学同人},
  Year                     = {2011},
  Edition                  = {1}
}

@Book{pmbok2013,
  Title                    = {プロジェクトマネジメント知識体系ガイド(PMBOKガイド)},
  Publisher                = {project Management Institute, Inc 14 Campus Boulevard },
  Year                     = {2013},
  Edition                  = {5},

  Pages                    = {247}
}


@Misc{netshop,
  Title                    = {ネットショップ開業支援},

  Author                   = {JUST.SYSTEMS},
  Note                     = {\url{http://www.netdeoshigoto.com/lecture/chapter1_2_03.html}(2016/1時点)}
}

@Misc{onlineshop,
author = {PROTODATACENTER},
  Title                    = {オンラインショップとは},
 note = {\url{ http://www.pdc-ok.jp/glossary/web/a/online_shop.html
}（2015/10時点）},
  Owner                    = {saito}
}








@Misc{Ubuntu,
author = { UbuntuJapanese },
  Title                    = {UbuntuJapanese},
 note = {\url{ https://www.ubuntulinux.jp/
}（2015/10時点）},
  Owner                    = {saito}
}

