% This file was created with JabRef 2.9.2.
% Encoding: UTF8

@book{ BB19543658,
  title     = "ビッグデータを開拓せよ : 解析が生む新しい価値",
  publisher = "KADOKAWA",
  year      = "2015",
  author    = "坂内, 正夫 and 佐藤, 一郎(通信・ネットワーク工学) and 古谷, 知之 and 矢野, 和男 and 桑原, 雅夫 and 今井, 武 and 上田, 修功 and 松本, 直人 and 森, 亮二",
  series    = "角川インターネット講座",
  number    = "07",
  URL       = "http://ci.nii.ac.jp/ncid/BB19543658"
}

@book{ BA78827129,
  author    = "株式投資クラブ",
  title     = "50のキーワードで知る図解株式投資",
  publisher = "生活情報センター",
  year      = "2006",
  URL       = "http://ci.nii.ac.jp/ncid/BA78827129"
}


@book{ 122222,
  author    = "三宅琢己",
  title     = "集合知の成功事例としての株価変動についての調査",
  publisher = "生活情報センター",
  year      = "2015",
  URL       = "http://ci.nii.ac.jp/ncid/BA78827129"
}

