% This file was created with JabRef 2.10.
% Encoding: UTF8


@Book{PM2013,
  Title                    = {プロジェクトマネジメント知識体系ガイド ({PMBOK}ガイド) },
  Author                   = {{Project Management Institute}},
  Publisher                = {{Project Management Institute}},
  Year                     = {2013},
  Edition                  = {5}
}

