% Encoding: UTF-8


@Misc{github,
  Title                    = {{GitHub}},
  Author                   = {ギットハブ・ジャパン合同会社},
  Note                     = {\url{https://github.co.jp/about/}（2017.1.10閲覧）},
  Owner                    = {{GitHub}},
  Timestamp                = {2017.01.10}
}

@Misc{shimizu2012,
  Title                    = {テストを基準にしたソフトウェア開発プロセスの調査},
  Author                   = {清水　竜吾},
  HowPublished             = {卒業論文, 千葉工業大学},
  Year                     = {2012}
}

