% This file was created with JabRef 2.9.2.
% Encoding: UTF8

@BOOK{ウィキレボ,
  title = {ウィキペディア・レボリューション},
  publisher = {早川書房},
  year = {2009},
  author = {アンドリュー・リー}
}

@misc{WhatGBQ,
  author = {Google},
  title = {Google BigQuery},
  howpublished = "{https://cloud.google.com/bigquery/what-is-bigquery?hl=ja}",
  note = {（参照2014-10-7）}

}

@misc{rv,
  author = {Erik Zachte},
  title = {Edit and Revert Trends: English. Wikipedia Statistics},
  howpublished = "{http://stats.wikimedia.org/EN/EditsRevertsEN.htm}",
  note = {（参照2014-10-9）}

}

@misc{GBQ,
  author = {Google},
  title = {Google BigQuery},
  howpublished = "{https://cloud.google.com/bigquery/}",
  note = {（参照2014-10-14）}
}

@misc{DBdump,
  title = {Wikimedia Downloads},
  howpublished = "{http://dumps.wikimedia.org/}",
  note = {（参照2014-10-14）}
}

@misc{ビッグデータwiki,
  title = {ビッグデータ. Wikipedia},
  howpublished = "{http://ja.wikipedia.org/wiki/ビッグデータ}",
  note = {（参照2014-10-15）}
}

@misc{統計wiki,
  title = {Wikipedia:全言語版の統計. Wikipedia},
  howpublished = "{http://ja.wikipedia.org/wiki/Wikipedia:全言語版の統計}",
  note = {（参照2014-11-4）}
}

@BOOK{pmbok,
  title = {プロジェクトマネジメント知識体系ガイド(PMBOKガイド)},
  publisher = {Project Management Institute},
  year = {2013},
  author = {Project Management Institute},
  edition = {第5版}
}



