% Encoding: UTF-8


@Misc{self01,
  Title                    = {過去ログList アニメ新番組一覧},
  Note                     = {\url{http://www.kansou.me/archive/archivelist.html}（2015.10.07閲覧）},
  Owner                    = {yabuki},
  Timestamp                = {2014.12.18}
}

@Misc{self02,
  Title                    = {テレビアニメ情報},
  Note                     = {\url{http://homepage1.nifty.com/chaki-el/anime/tv/200601.htm}（2015.10.29閲覧）}
}

@Misc{self03,
  Title                    = {アニメ評価データベースさち．},
  Note                     = {\url{http://www.animesachi.com/visitor/year_1996_1.html?sort=startDay_up}（2015.10.29閲覧）}
}

@Misc{self04,
  Title                    = {Wikipedia　涼宮ハルヒの憂鬱(アニメ)},
  Note                     = {\url{https://ja.wikipedia.org/wiki/%E6%B6%BC%E5%AE%AE%E3%83%8F%E3%83%AB%E3%83%92%E3%81%AE%E6%86%82%E9%AC%B1_(%E3%82%A2%E3%83%8B%E3%83%A1)}（2015.10.15閲覧）}
}

