% This file was created with JabRef 2.9.2.
% Encoding: UTF8

@book{ BB19543658,
  author    = "坂内, 正夫 and 佐藤, 一郎(通信・ネットワーク工学) and 古谷, 知之 and 矢野, 和男 and 桑原, 雅夫 and 今井, 武 and 上田, 修功 and 松本, 直人 and 森, 亮二",
  title     = "ビッグデータを開拓せよ : 解析が生む新しい価値",
  publisher = "KADOKAWA",
  year      = "2015",
  series    = "角川インターネット講座",
  number    = "07",
  URL       = "http://ci.nii.ac.jp/ncid/BB19543658"
}

@article{110003745117,
author="杉浦, 友佳",
title="1-5 レスキュー・マネージメントのためのストラテジック・チーム・ビルディング論",
journal="プロジェクトマネジメント学会研究発表大会予稿集",
ISSN="",
publisher="プロジェクトマネジメント学会",
year="2001",
month="mar",
volume="2001",
number="",
pages="20-25",
URL="http://ci.nii.ac.jp/naid/110003745117/",
DOI="",
}

@article{ylab2015,
author="板倉, 啓太",
title=" ルーブリック評価を利用した PBL における学習到達度の測定",
year="2015",
month="mar",
volume="",
number="",
pages="",
URL="https://github.com/yabukilab/main/tree/master/%E8%AA%B2%E9%A1%8C%E7%A0%94%E7%A9%B6/2015",
DOI="",
}
　　　　　　　　　　　　　　　　　　　　　
@article{katolab2015,
author="北村, 梢",
title=" CSIによる人格分類がグループディスカッションへ及ぼす影響",
journal="平成27年度プロジェクトマネジメント学科卒業論文概要集",
year="2015",
month="mar",
volume="2015",
number="",
pages="11-12",
DOI="",
}

@MISC{mbti,
  author = {},
  title = {タイプ別性格診断},
  note = {\url{http://http://www.secret.ne.jp/~delmonte/}（2016.7.23閲覧）},
  owner = {},
  timestamp = {2014.12.18}
}