% Encoding: UTF-8


@Misc{saas,
  Title                    = {これで完璧！クラウドサービスの基礎知識と利用ポイント},
  Author                   = {Norton Blog},
  Note                     = {\url{https://japan.norton.com/cloud-service-3385}（2016.9.21閲覧）},
  Owner                    = {Norton Blog},
  Timestamp                = {2015.02.02}
}

@Book{slack,
  Title                    = {Slack入門ChatOpsによるチーム開発の効率化},
  Author                   = {松下 雅和 and 小島 泰洋 and 長瀬 敦史 and 坂本 卓巳},
  Publisher                = {技術評論社},
  Year                     = {2016}
}

@Article{yabuki2011,
  Title                    = {{SQL}による数独の解法とクエリオプティマイザの有効性},
  Author                   = {矢吹太朗 and 佐久田博司},
  Journal                  = {日本データベース学会論文誌},
  Year                     = {2010},
  Number                   = {2},
  Pages                    = {13--18},
  Volume                   = {9},
  Organization             = {日本データベース学会}
}

@InProceedings{yabuki2013,
  Title                    = {知識体系のエリア自動抽出のためのユニット分類手法},
  Author                   = {矢吹太朗 and 増永良文 and 森田武史 and 石田博之},
  Booktitle                = {第5回データ工学と情報マネジメントに関するフォーラム（DEIM2013）},
  Year                     = {2013},
  Organization             = {電子情報通信学会データ工学研究専門委員会, 日本データベース学会, 情報処理学会データベースシステム研究会}
}

