% This file was created with JabRef 2.9.2.
% Encoding: UTF8

@article{dema1,
author="荒川唯 and 亀田尭宙 and 相澤彰子 and 鈴木崇史",
title="Retweetに着目した広がりやすいTweetの特徴分析",
journal="第74回全国大会講演論文集",
volume="2012",
number="1",
pages="617-618",
URL="https://ci.nii.ac.jp/naid/170000089791/",
DOI="",
}

@article{dema2,
author="榎本光 and 内田理 and 鳥海不二夫",
title="O-054 東日本大震災時のツイート分析によるデマ判別に有用な特徴抽出(O分野:情報システム,一般論文)",
journal="情報科学技術フォーラム講演論文集",
volume="12",
number="4",
pages="649-650",
URL="http://ci.nii.ac.jp/naid/110009814188/",
DOI="",
}
