% This file was created with JabRef 2.9.2.
% Encoding: UTF8



@BOOK{
  bib001,
  author = {西垣通},
  series = {角川インターネット講座},
  volume = {6},
  title = {ユーザーが作る知の形},
  publisher = {角川学芸出版},
  year = {2014年},
}


@BOOK{
  bib002,
  author = {こもりまさあき・赤間公太郎},
  volume = {改訂新版},
  title = {Webデザインの新しい教科書},
  publisher = {エムディエヌコーポレーション},
  year = {2016年},
}


@MISC{
  bib003,
  author = {松本耕太},
  title = {玩具開発プロジェクトのためのデータマイニング手法},
  howpublished = {課題研究}, 
  year = {2013年},
}

@MISC{
  bib004,
  author = {Designmodo},
  title = {11 Web Design Trends for 2016},
  note = {\url{http://designmodo.com/web-design-trends-2016/}（2016.06.29閲覧）},
}