% This file was created with JabRef 2.9.2.
% Encoding: UTF8


@BOOK{bib01,
  title = {角川インターネット講座10 第三の産業革命 経済と労働の変化},
  publisher = {角川学芸出版},
  year = {2015},
  author = {山形 浩生},
  edition = {1}
}

@MISC{bib02,
  author = {三宅 琢己},
  title = {集合知の成功事例としての株価変動についての調査},
  howpublished = {卒業論文, 千葉工業大学},
  year = {2014}
}

@BOOK{bib03,
  title = {株式投資の基本 伸びる会社がわかる財務諸表の読み方},
  publisher = {税務経理協会},
  year = {2010},
  author = {鈴木 広樹},
  edition = {1}
}
