% This file was created with JabRef 2.10.
% Encoding: MS932


@Booklet{Wikipedia,
  Title                    = {Wikipedia},

  Journal                  = {http://ja.wikipedia.org/wiki/}
}

@Booklet{yahoojapan,
  Title                    = {yahoo japan},

  Journal                  = {http://finance.yahoo.co.jp/}
}

