% This file was created with JabRef 2.9.2.
% Encoding: UTF8

@article{110009915588,
author="亀倉, 正彦",
title="失敗マンダラを活用したアクティブラーニング授業の失敗事例分析と その知識化-学生の「やる気」を引き出す観点から-",
journal="NUCB journal of economics and information science",
ISSN="13466097",
publisher="名古屋商科大学",
year="2015",
month="mar",
volume="59",
number="2",
pages="123-143",
URL="http://ci.nii.ac.jp/naid/110009915588/",
DOI="",
}

@article{110003745117,
author="杉浦, 友佳",
title="1-5 レスキュー・マネージメントのためのストラテジック・チーム・ビルディング論",
journal="プロジェクトマネジメント学会研究発表大会予稿集",
ISSN="",
publisher="プロジェクトマネジメント学会",
year="2001",
month="mar",
volume="2001",
number="",
pages="20-25",
URL="http://ci.nii.ac.jp/naid/110003745117/",
DOI="",
}

@book{mbti,
author="Kroeger, Otto",
jauthor="吉岡, 晶子",
publisher="飛鳥新社",
title="データ分析教育へのアクティブラーニング手法の導入提案と実践",
year="1994",
month="aug",
pages="237"
}

@article{110001230195,
author="中澤, 清 and 田淵, 純一郎",
title="24 MBTIに関する研究(1) : MBTIの概略について",
journal="日本性格心理学会大会発表論文集",
ISSN="",
publisher="日本パーソナリティ心理学会",
year="1997",
month="dec",
volume="",
number="6",
pages="52",
URL="http://ci.nii.ac.jp/naid/110001230195/",
DOI="",
}