% This file was created with JabRef 2.9.2.
% Encoding: UTF8


@Book{abalab,
  title     = {絵でわかる人工知能},
  publisher = {SB Creative},
  year      = {2016},
  author    = {三宅 陽一郎 and 森川 幸人},
  edition   = {1}
}


@Misc{wiki,
  Title                    = {TensorFlow},
  HowPublished             = {Wikipedia},
  Note                     = {\url{https://ja.wikipedia.org/wiki/TensorFlow}(参照2016-12-14)}
}