% This file was created with JabRef 2.9.2.
% Encoding: UTF8


@BOOK{bib001,
  title = {角川インターネット講座4 ネットが生んだ文化 誰もが表現者の時代},
  publisher = {角川学芸出版},
  year = {2013},
  author = {川上量生},
  edition = {1}
}


