% Encoding: UTF-8


@Book{ikeda2014,
  Title                    = {チーム開発実践入門 ~共同作業を円滑に行うツール・メソッド},
  Author                   = {池田 尚史 and 藤倉 和明 and 井上 史彰},
  Publisher                = {技術評論社},
  Year                     = {2014}
}

@Book{otuka2014,
  Title                    = {GitHub実践入門 ~Pull Requestによる開発の変革},
  Author                   = {大塚 弘記},
  Publisher                = {技術評論社},
  Year                     = {2014}
}

