% This file was created with JabRef 2.9.2.
% Encoding: UTF8


@BOOK{takano2015,
  title = {角川インターネット講座８　検索の新地平　集める、探す、見つける、眺める},
  publisher = {角川学芸出版},
  year = {2015},
  author = {高野 明彦 監修},
  edition = {1}
}
