% This file was created with JabRef 2.9.2.
% Encoding: UTF8

@article{110009915588,
author="亀倉正彦",
title="失敗マンダラを活用したアクティブラーニング授業の失敗事例分析と その知識化-学生の「やる気」を引き出す観点から-",
journal="NUCB journal of economics and information science",
ISSN="13466097",
publisher="名古屋商科大学",
year="2015",
month="Mar",
volume="59",
number="2",
pages="123-143",
URL="http://ci.nii.ac.jp/naid/110009915588/",
DOI="",
}

@article{110003745117,
author="杉浦友佳",
title="1-5 レスキュー・マネージメントのためのストラテジック・チーム・ビルディング論",
journal="プロジェクトマネジメント学会研究発表大会予稿集",
ISSN="",
publisher="プロジェクトマネジメント学会",
year="2001",
volume="2001",
pages="20-25",
URL="http://ci.nii.ac.jp/naid/110003745117/",
DOI="",
}

@book{MBTI,
author="Kroeger, Otto and Thuesen, Janet M.",
jauthor="吉岡晶子",
publisher="飛鳥新社",
title="性格学入門―運命のカギをにぎる16のタイプ別性格判断",
year="1994",
month="Aug",
pages="237"
}

@article{110001230195,
author="中澤清 and 田淵純一郎",
title="24 {MBTI}に関する研究(1) : {MBTI}の概略について",
journal="日本性格心理学会大会発表論文集",
ISSN="",
publisher="日本パーソナリティ心理学会",
year="1997",
month="Dec",
volume="",
number="6",
pages="52",
URL="http://ci.nii.ac.jp/naid/110001230195/",
DOI="",
}

@MISC{mbtib,
  author = {},
  title = {タイプ別性格診断},
  note = {\url{http://http://www.secret.ne.jp/~delmonte/}（2016.7.23閲覧）},
  owner = {},
  timestamp = {2014.12.18}
}

@MISC{kaigai,
  author = {},
  title = "{THE} {M}yers ＆ {B}riggs {FOUNDATION}",
  note = {\url{http://www.myersbriggs.org/my-mbti-personality-type/mbti-basics/home.htm?bhcp=1
}（2017.4.17閲覧）},
  owner = {},
  
}

@Misc{ylab2015,
  Title                    = {データ分析教育へのアクティブラーニング手法の導入提案と実践},
  Author                   = {板倉啓太},
  HowPublished             = {卒業論文, 千葉工業大学},
  Year                     = {2016}
}
