% Encoding: UTF-8


@Misc{a,
  Title                    = {仕様書・設計書を作る目的の一つとして},
  Author                   = {新井 直人},
  Month                    = dec,
  Note                     = {\url{http://www.mitsue.co.jp/column/backnum/20110527.html}(2015.12.15閲覧)},
  Year                     = {2015}
}

@Article{b,
  Title                    = {Wikipedia の記事構造からの上位下位関係抽出},
  Author                   = {隅田飛鳥 and 吉永直樹 and 鳥澤健太郎},
  Journal                  = {自然言語処理},
  Year                     = {2015},
  Month                    = dec,
  Number                   = {No.3},
  Pages                    = {pp. 3-24},
  Volume                   = {Vol.16}
}

@Misc{c,
  Title                    = {MediaWiki},
  Author                   = {ニコニコ大百科},
  Month                    = dec,
  Note                     = {\url{http://seiga.nicovideo.jp/manga/?track=global_navi_illust}(2015.12.15閲覧)},
  Year                     = {2015}
}

@Misc{d,
  Title                    = {MMediaWiki.15ローカル設定},
  Author                   = {永井俊哉ドットコム},
  Month                    = dec,
  Note                     = {\url{https://www.nagaitoshiya.com/ja/2009/mediawiki-localsettings-2009/}(2015.12.16閲覧)},
  Year                     = {2015}
}

