% Encoding: UTF-8


@Misc{appget,
  Title                    = {iphone スマホ人気ゲーム週間ランキング},
  Author                   = {アプリゲット},
  Month                    = {11},
  Note                     = {http://appget.com/},
  Year                     = {2015}
}

@Misc{octba,
  Title                    = {Androidアプリ 週間ランキング},
  Author                   = {OCTBA},
  Month                    = {11},
  Note                     = {http://octoba.net/archives/category/android-ranking},
  Year                     = {2015}
}

@Misc{shinbun,
  Title                    = {ソーシャルゲーム最前線 2000億円市場の軌跡},
  Author                   = {日経産経新聞},
  Month                    = {11},
  Note                     = {http://goo.gl/DRNIuw},
  Year                     = {2015}
}

