% This file was created with JabRef 2.9.2.
% Encoding: UTF8



@BOOK{yougo,
  title = {Web制作者のためのGitHubの教科書},
  publisher = {株式会社インプレス},
  year = {2014},
  author = {塩谷　啓 ，　紫竹　佑騎　，　原　一成　，　平木　聡},
  edition = {1}
}

@MISC{b,
  title = {ガチで5分でわかる分散型バージョン管理システムGit},
  note = {\url{http://www.atmarkit.co.jp/ait/articles/1307/05/news028_3.html}（2016.10.13閲覧）},
}

@BOOK{mysql,
  title = {Web制作者のためのGitHubの教科書},
  publisher = {森北出版株式会社},
  year = {2014},
  author = {矢吹　太朗},
  edition = {2}
}
