% This file was created with JabRef 2.10.
% Encoding: UTF8


@Misc{kizi2015,
  Title                    = {第2段階に入る農業{IT}、複数企業・組織が連携して標準化や協業を推進},

  Author                   = {井原敏宏},
  Note                     = {\url{http://itpro.nikkeibp.co.jp/atcl/column/14/346926/032900208/?ST=system}},
  Year                     = {2015},

  Owner                    = {koike},
  Timestamp                = {2015.09.18}
}

@Misc{naikaku2014,
  Title                    = {農業情報の標準化に関する個別ガイドライン等について},

  Author                   = {内閣官房情報通信技術(IT)総合戦略室},
  Note                     = {\url{https://www.kantei.go.jp/jp/singi/it2/senmon_bunka/nougyou_guideline/siryou1.pdf}}
}

@Article{nogyo2015,
  Title                    = {自然言語処理によるWikipediaからの上位・下位関係抽出},
  Author                   = {隅田飛鳥 and 吉永直樹 and 鳥澤健太郎},
  Journal                  = {自然言語処理},
  Year                     = {2009},
  Number                   = {3},
  Pages                    = {3--24},
  Volume                   = {16},

  Owner                    = {koike},
  Timestamp                = {2016.01.23}
}

