% Encoding: UTF-8


@Misc{camp,
  Title                    = {CAMPFIRE},
  Note                     = {http://camp-fire.jp/}
}

@Misc{crwowd,
  Title                    = {クラウドファンディングとは -基本的な知識とメリットについての解説-},
  Note                     = {http://anipipop.com/what-is-crowdfunding/}
}

@Misc{kickstarter,
  Title                    = {Kickstarter},
  Note                     = {https://www.kickstarter.com/}
}

@Misc{makuake,
  Title                    = {Makuake},
  Note                     = {https://www.makuake.com/}
}

@Misc{readyfor,
  Title                    = {READYFOR},
  Note                     = {https://readyfor.jp/}
}

