% This file was created with JabRef 2.9.2.
% Encoding: UTF8

% This file was created with JabRef 2.9.2.
% Encoding: UTF8


@MISC{01,
  author = {岩城俊介，＠IT},
  title = {GitHubがダウン、「ぜんぶ○○のせいだ」のような惨状　今後の課題も},
  note = {\url{http://www.atmarkit.co.jp/ait/articles/1601/28/news126.html}（2016.06.29閲覧）},
}

@article{02,
author="鳥海不二夫",
title="Twitter上のビッグデータ収集と分析",
journal="組織科学",
ISSN="0286-9713",
publisher="特定非営利活動法人 組織学会",
year="2015",
month="",
volume="48",
number="4",
pages="47-59",
URL="http://ci.nii.ac.jp/naid/130005144620/",
DOI="10.11207/soshikikagaku.48.4_47",
}
