% This file was created with JabRef 2.9.2.

% Encoding: UTF8



@BOOK{Mastodon,

  title = {マストドン 次世代ソーシャルメディアのすべて},

  publisher = {株式会社マイナビ出版},

  year = {2017},

  author = {小林啓倫 and コグレマサト and いしたにまさき and まつもとあつし and 堀正岳},

}