% This file was created with JabRef 2.9.2.
% Encoding: UTF8

@MISC{onodera2015,
  author = {小野寺　航己},
  title = {バージョン管理システムを活用するソフトウェア開発の開発フロー},
  howpublished = {卒業論文, 千葉工業大学},
  year = {2015}
}

@BOOK{okumura2013,
  title = {GitHub 実践入門 Pull Request による開発の変革},
  publisher = {技術評論社},
  year = {2014},
  author = {大塚　弘記},
}
