% This file was created with JabRef 2.9.2.
% Encoding: UTF8

@incollection{wired,
  booktitle = {WIRED VOL.25},
  title = {ブロックチェーンは世界を変える},
  publisher = {コンデナスト・ジャパン},
  year = {2016},
  author = {北田 淳},
  pages = {54--55}
}

@MISC{touyou,
  author = {東洋経済新聞社},
  title = {フィンテックで何が起こるか知っていますか},
  note = {\url{http://toyokeizai.net/articles/-/166765}（2018.01.19閲覧）},
  owner = {東洋経済新聞社},
  timestamp = {2017.04.11}
}

@MISC{colony,
  author = {Colony},
  title = {Colony.io},
  note = {\url{https://colony.io/}（2017.10.10閲覧）},
  owner = {vagrant}
}

@MISC{chocolatey,
  author = {Chocolatey},
  title = {Chocolatey - The package manager for Windows},
  note = {\url{https://chocolatey.org/}（2017.10.10閲覧）},
  owner = {chocolatey}
}

@MISC{virtualbox,
  author = {Virtualbox},
  title = {Oracle VM VirtualBox},
  note = {\url{https://www.virtualbox.org/}（2017.10.10閲覧）},
  owner = {virtualbox}
}

@MISC{vagrant,
  author = {Vagrant},
  title = {Vagrant by HashiCorp},
  note = {\url{https://www.vagrantup.com/}（2017.10.10閲覧）},
  owner = {vagrant}
}

@MISC{docker,
  author = {Docker},
  title = {Docker - Build, Ship, and Run Any App, Anywhere},
  note = {\url{https://www.docker.com/}（2017.10.10閲覧）},
  owner = {docker}
}

@MISC{ubuntu,
  author = {Ubuntu},
  title = {Homepage | Ubuntu Japanese Team},
  note = {\url{https://www.ubuntulinux.jp/}（2017.10.10閲覧）},
  owner = {ubuntu}
}

@MISC{naivechain,
  author = {NaiveChain},
  title = {Naivechain - a blockchain implementation in 200 lines of code},
  note = {\url{https://github.com/lhartikk/naivechain}（2017.10.10閲覧）},
  owner = {ubuntu}
}

@MISC{ethereum,
  author = {Ethereum},
  title = {Ethereum Project},
  note = {\url{https://www.ethereum.org/}（2017.10.10閲覧）},
  owner = {ethereum}
}