% This file was created with JabRef 2.9.2.
% Encoding: UTF8


@Book{a,
  Title                    = {ブロックチェーン(Blockchain)},
  Author                   = {広田望},
  Publisher                = {日本経済新聞社},
  Year                     = {2016}
}




@Book{c,
  Title                    = {文系でもわかるブロックチェーン},
  Author                   = {丸山和子 and 愛敬真生},
  Publisher                = {日経BP社},
  Year                     = {2017}
}