% This file was created with JabRef 2.9.2.
% Encoding: UTF8

@MISC{001,
  author = {MahoTakara},
  title = {自然言語処理{(NLP)}ってなんだろう？},
  note = {\url{http://qiita.com/MahoTakara/items/b3d719ed1a3665730826}（2017.09.22閲覧）},
  owner = {Qiita},
  timestamp = {2017.06.02}
}


@MISC{002,
  author = {日本IBM},
  title = {{IBM} {Watson}活用事例},
  note = {\url{https://www.ibm.com/watson/jp-ja/use-cases/}（2017.09.28閲覧）},
  owner = {日本IBM},
}

@BOOK{003,
  title = {初めての{Watson} {API}用例と実践プログラミング},
  publisher = {株式会社リックテレコム},
  year = {2016},
  author = {井上研一},
}
