% This file was created with JabRef 2.10.
% Encoding: UTF8


@Book{keizai,
  Title                    = {日本経済新聞 新興企業,ネット経由で資金集めやすく　改正金商法が成立 2015/09/17},

  Days                     = {2014/11/11},
  Journal                  = {http://camp-fire.jp/},
  Organization             = {日本データベース学会},
  Owner                    = {miura},
  Url                      = {http://www.nikkei.com/article/DGXNASGC23001_T20C14A5EAF000/}
}

@Booklet{wiki,
  Title                    = {Wikipedia クラウドファンディング 2015/09/17},

  Owner                    = {miura},
  Timestamp                = {2014.12.17}
}

