% This file was created with JabRef 2.9.2.
% Encoding: UTF8

@book{ BA67886013,
  author    = "山縣裕一郎",
  title     = "2016年4集会社四季報",
  publisher = "東洋経済新報社",
  year      = "2016",
  series    = "",
  number    = "",
  URL       = ""
}

@MISC{self,
  title = {日刊ゴールデンチャート},
  note = {\url{http://www.opticast.co.jp/cgi-bin/tm/chart.cgi}（2016.12.01閲覧）},
  timestamp = {2014.12.18}
}

@MISC{sasa,
  title = {日刊ゴールデンチャート},
  note = {\url{https://kabutan.jp/stock/chart?code=6594}（2016.12.01閲覧）},
  timestamp = {2014.12.18}
}

