% This file was created with JabRef 2.10.
% Encoding: UTF8


@Booklet{keizai2014,
  Title                    = {経済産業省,http://www.meti.go.jp/policy/it\_policy/statistics/outlook/H25\_summary.pdf},
  Author                   = {電子商取引実態調査（METI/経済産業省）},
  Year                     = {参照2014-12-10},

}

@Other{yamazawa2006,
  Title                    = {Amazonレビュー文の有用性判別実験(解析,分析)},
  Author                   = {山澤 美由起 and 吉村 宏樹 and 増市 博},
  Journal                  = {CiNii},
  Organization             = {富士ゼロックス(株)研究本部},
  Pages                    = {15--20},
  Year                     = {2006}
}

@Book{sugasaka2003,
  Title                    = {eビジネスの理論と応用},
  Author                   = {菅坂 玉美 and 横尾 真 and 寺野 隆雄 and 山口 高平},
  Year                     = {2003},
  Edition                  = {1},

  publisher                = {東京電機大学},
  Pages                    = {3--5}
}

@Book{pmbok2013,
  Title                    = {プロジェクトマネジメント知識体系ガイド(PMBOKガイド)},
  Year                     = {2013},
  Edition                  = {5},

  publisher                = {project Management Institute, Inc 14 Campus Boulevard },
  Pages                    = {247}
}

@Book{hattori2011,
  Title                    = {Amazonランキングの謎を解く},
  Author                   = {服部哲弥},
  Year                     = {2011},
  Edition                  = {1},
  publisher                = {化学同人}
}