% Encoding: UTF-8

@MISC{kubo2014,
  author = {久保 孝樹},
  title = {チケットを活用するオープンソースソフトウェア開発の実態調査},
  howpublished = {卒業論文, 千葉工業大学},
  year = {2014}
}

@Book{yahoo,
  title     = {ヤフー・トピックスの作り方},
  publisher = {光文社},
  year      = {2010},
  author    = {奥村倫弘},
  edition   = {1},
}

@Misc{hatena,
  author    = {はてなブックマーク},
  title     = {Hatena Developer Center},
  month     = {7},
  year      = {2016},
  note      = {\url{http://developer.hatena.ne.jp/}（2016.7.15閲覧）},
  owner     = {yabuki},
  timestamp = {2014.12.18},
}

@ARTICLE{yabuki2011,
  author = {矢吹太朗 and 佐久田博司},
  title = {{SQL}による数独の解法とクエリオプティマイザの有効性},
  journal = {日本データベース学会論文誌},
  year = {2010},
  volume = {9},
  pages = {13--18},
  number = {2},
  organization = {日本データベース学会}
}

@INPROCEEDINGS{yabuki2013,
  author = {矢吹太朗 and 増永良文 and 森田武史 and 石田博之},
  title = {知識体系のエリア自動抽出のためのユニット分類手法},
  booktitle = {第5回データ工学と情報マネジメントに関するフォーラム（DEIM2013）},
  year = {2013},
  organization = {電子情報通信学会データ工学研究専門委員会, 日本データベース学会, 情報処理学会データベースシステム研究会}
}

@Comment{jabref-meta: databaseType:bibtex;}
