% This file was created with JabRef 2.10.
% Encoding: UTF8


@Misc{ewords,
  Title                    = {Twitterとは｜ツイッター - 意味/解説/説明/定義 ： IT用語辞典},

  Author                   = {{Incept Inc.}},
  Note                     = {\url{http://e-words.jp/w/Twitter.html}（参照2016-01-24）},

  Owner                    = {yoshino},
  Timestamp                = {2016.01.24}
}

@Misc{twitterinc,
  Title                    = {Twitter, Inc.について | About},

  Author                   = {{Twitter, Inc}},
  Note                     = {\url{https://about.twitter.com/ja/company}（参照2015-09-16）},

  Owner                    = {Twitter}
}

