% This file was created with JabRef 2.9.2.
% Encoding: UTF8


@BOOK{bib001,
  title = {開かれる国家},
  publisher = {角川学芸出版},
  year = {2015},
  author = {東浩紀},
  edition = {1}
}
