% This file was created with JabRef 2.9.2.
% Encoding: UTF8

@incollection{wired,
  booktitle = {WIRED VOL.25},
  title = {ブロックチェーンは世界を変える},
  publisher = {コンデナスト・ジャパン},
  year = {2016},
  author = {北田 淳},
  pages = {54--55}
}

@MISC{fujitsu,
  author = {FUJITSU},
  title = {フィンテック(Fintech)とは？急成長を続けるファイナンスとテクノロジーの融合},
  note = {\url{http://journal.jp.fujitsu.com/2016/10/21/02/}（2017.09.20閲覧）},
  owner = {fujitsu},
  timestamp = {2016.10.21}
}