% This file was created with JabRef 2.9.2.
% Encoding: UTF8

@BOOK{wiki,
  title = {ツイッターはもう古い！？　仲間内で楽しむＳＮＳが人気},
  publisher = {日経PC21},
  year = {2017},
  author = {武者　良太},
}
