% Encoding: UTF-8


@Misc{shimizu2012,
  Title                    = {テストを基準にしたソフトウェア開発プロセスの調査},
  Author                   = {清水　竜吾},
  HowPublished             = {卒業論文, 千葉工業大学},
  Year                     = {2012}
}

@Book{watanabe2014,
  Title                    = {JUnit実践入門},
  Author                   = {渡辺 修司},
  Publisher                = {技術評論社},
  Year                     = {2014},
  Edition                  = {6}
}

