% This file was created with JabRef 2.9.2.
% Encoding: UTF8

@BOOK{bib001,
  title = {角川インターネット講座4 ネットが生んだ文化 誰もが表現者の時代},
  publisher = {角川学芸出版},
  year = {2014},
  author = {川上量生},
  edition = {1}
}

@MISC{bib002,
  author = {井上 乃祐},
  title = {Twitterにおけるユーザープロフィールと拡散力の関係分析},
  howpublished = {課題研究, 千葉工業大学},
  year = {2014}
}


@MISC{bib003,
  author = {辻岡 大知},
  title = {ソーシャルメディアにおける炎上案件に関わるユーザの動向調査},
  howpublished = {課題研究, 千葉工業大学},
  year = {2015}
}


