% Encoding: UTF-8


@InProceedings{jinro1,
  Title                    = {人狼知能サーバの構築},
  Author                   = {鳥海不二夫 and 梶原健吾 and 大澤博隆 and 稲葉通将 and 片上大輔 and 篠田孝祐},
  Booktitle                = {ゲームプログラミングワークショップ2014論文集},
  Year                     = {2014},
  Pages                    = {127-132}
}

@Misc{jinro2,
  Title                    = {ゲーム情報学と{AI}},
  Author                   = {伊藤毅志},
  Note                     = {\url{http://homepage1.nifty.com/ta_ito/E&C/CG-lec/0623_1.pdf}（2015.12.10閲覧）},
  Year                     = {2007},
  Owner                    = {伊藤毅志},
  Timestamp                = {2015.12.17}
}

@Misc{okumura2013,
  Title                    = {完全情報ゲーム},
  Author                   = {Wikipedia},
  Note                     = {\url{https://ja.wikipedia.org/wiki/%E5%AE%8C%E5%85%A8%E6%83%85%E5%A0%B1%E3%82%B2%E3%83%BC%E3%83%A0}（2015.12.10閲覧）},
  Owner                    = {Wikipedia},
  Timestamp                = {2015.12.17}
}

@Misc{wiki2,
  Title                    = {不完全情報ゲーム},
  Author                   = {Wikipedia},
  Note                     = {\url{https://ja.wikipedia.org/wiki/%E4%B8%8D%E5%AE%8C%E5%82%99%E6%83%85%E5%A0%B1%E3%82%B2%E3%83%BC%E3%83%A0}（2015.12.10閲覧）},
  Owner                    = {Wikipedia},
  Timestamp                = {2015.12.17}
}

