% This file was created with JabRef 2.9.2.
% Encoding: UTF8


@BOOK{kondou,
  title = {角川インターネット講座5 ネットコミュニティの設計と力},
  publisher = {角川学芸出版},
  year = {2015},
  author = {近藤淳也},
  edition = {1}
}
