% This file was created with JabRef 2.10.
% Encoding: UTF8


@Book{wikirevo,
  Title                    = {ウィキペディア・レボリューション　世界最大の百科事典はいかにして生まれたか},
  Author                   = {アンドリュー・リー},
  Publisher                = {株式会社早川書房},
  Year                     = {2009},

  Owner                    = {ishii},
  Timestamp                = {2015.09.16}
}

