% Encoding: UTF-8

@Misc{hatena,
  author    = {はてなブックマーク},
  title     = {Hatena Developer Center},
  month     = {7},
  year      = {2016},
  note      = {\url{http://developer.hatena.ne.jp/}（2016.7.15閲覧）},
  owner     = {yabuki},
  timestamp = {2014.12.18},
}

@Comment{jabref-meta: databaseType:bibtex;}
