% Encoding: UTF-8


@Misc{wiki,
  Title                    = {Skyrim Wiki JP},
  Note                     = {\url{http://wiki.skyrim.z49.org/}(参照2016-9-20)}
}

@Misc{wikipedia,
  Title                    = {The Elder Scrolls V: Skyrim},
  HowPublished             = {Wikipedia},
  Note                     = {\url{https://ja.wikipedia.org/wiki/The_Elder_Scrolls_V:_Skyrim}(参照2016-9-20)}
}

